@article{li2017neuralloss,
  author       = {Hao Li and
                  Zheng Xu and
                  Gavin Taylor and
                  Tom Goldstein},
  title        = {Visualizing the Loss Landscape of Neural Nets},
  journal      = {CoRR},
  volume       = {abs/1712.09913},
  year         = {2017},
  url          = {http://arxiv.org/abs/1712.09913},
  eprinttype   = {arXiv},
  eprint       = {1712.09913},
  bibsource    = {dblp computer science bibliography, https://dblp.org},

  % Abstract: Neural network training relies on our ability to find "good" minimizers of highly non-convex loss functions. It is well-known that certain network architecture designs (e.g., skip connections) produce loss functions that train easier, and well-chosen training parameters (batch size, learning rate, optimizer) produce minimizers that generalize better. However, the reasons for these differences, and their effects on the underlying loss landscape, are not well understood. In this paper, we explore the structure of neural loss functions, and the effect of loss landscapes on generalization, using a range of visualization methods. First, we introduce a simple "filter normalization" method that helps us visualize loss function curvature and make meaningful side-by-side comparisons between loss functions. Then, using a variety of visualizations, we explore how network architecture affects the loss landscape, and how training parameters affect the shape of minimizers.
}

@article{kukushkin2024massed,
  title={The massed-spaced learning effect in non-neural human cells},
  author={Kukushkin, NV and Carney, RE and Tabassum, T and Carew, TJ},
  journal={Nature Communications},
  volume={15},
  number={1},
  pages={9635},
  year={2024},
  publisher={Nature Publishing Group UK London}
}

@article{anastassiou2015ephaptic,
  title={Ephaptic coupling to endogenous electric field activity: why bother?},
  author={Anastassiou, Costas A and Koch, Christof},
  journal={Current opinion in neurobiology},
  volume={31},
  pages={95--103},
  year={2015},
  publisher={Elsevier}
}

@article{hales2022electromagnetism,
  title={Electromagnetismâ€™s bridge across the explanatory gap: How a neuroscience/physics collaboration delivers explanation into all theories of consciousness},
  author={Hales, Colin G and Ericson, Marissa},
  journal={Frontiers in Human Neuroscience},
  volume={16},
  pages={836046},
  year={2022},
  publisher={Frontiers Media SA}
}

@article{chiang2019slow,
  title={Slow periodic activity in the longitudinal hippocampal slice can self-propagate non-synaptically by a mechanism consistent with ephaptic coupling},
  author={Chiang, Chia-Chu and Shivacharan, Rajat S and Wei, Xile and Gonzalez-Reyes, Luis E and Durand, Dominique M},
  journal={The Journal of physiology},
  volume={597},
  number={1},
  pages={249--269},
  year={2019},
  publisher={Wiley Online Library}
}

@article{ruffini2020realistic,
  title={Realistic modeling of mesoscopic ephaptic coupling in the human brain},
  author={Ruffini, Giulio and Salvador, Ricardo and Tadayon, Ehsan and Sanchez-Todo, Roser and Pascual-Leone, Alvaro and Santarnecchi, Emiliano},
  journal={PLoS computational biology},
  volume={16},
  number={6},
  pages={e1007923},
  year={2020},
  publisher={Public Library of Science San Francisco, CA USA}
}

@article{freeman2006nonlinear,
  title={Nonlinear brain dynamics as macroscopic manifestation of underlying many-body field dynamics},
  author={Freeman, Walter J and Vitiello, Giuseppe},
  journal={Physics of life reviews},
  volume={3},
  number={2},
  pages={93--118},
  year={2006},
  publisher={Elsevier}
}

@article{hunt2023fields,
  title={Fields or firings? Comparing the spike code and the electromagnetic field hypothesis},
  author={Hunt, Tam and Jones, Mostyn},
  journal={Frontiers in Psychology},
  volume={14},
  pages={1029715},
  year={2023},
  publisher={Frontiers Media SA}
}

@article{lee2024cell,
  title={Cell-class-specific electric field entrainment of neural activity},
  author={Lee, Soo Yeun and Kozalakis, Konstantinos and Baftizadeh, Fahimeh and Campagnola, Luke and Jarsky, Tim and Koch, Christof and Anastassiou, Costas A},
  journal={Neuron},
  volume={112},
  number={15},
  pages={2614--2630},
  year={2024},
  publisher={Elsevier}
}

@misc{seth2024conscious,
  title={Conscious artificial intelligence and biological naturalism},
  author={Seth, Anil},
  year={2024},
  publisher={PyArXiv. https://osf. io/preprints/psyarxiv/tz6an}
}

@book{lane2010life,
  title={Life ascending: the ten great inventions of evolution},
  author={Lane, Nick},
  year={2010},
  publisher={Profile books}
}

@article{akhlaghpour2022rna,
  title={An RNA-based theory of natural universal computation},
  author={Akhlaghpour, Hessameddin},
  journal={Journal of Theoretical Biology},
  volume={537},
  pages={110984},
  year={2022},
  publisher={Elsevier}
}

@article{gershman2023molecular,
  title={The molecular memory code and synaptic plasticity: A synthesis},
  author={Gershman, Samuel J},
  journal={Biosystems},
  volume={224},
  pages={104825},
  year={2023},
  publisher={Elsevier}
}

@article{pellerin2004neuroenergetics,
  title={Neuroenergetics: calling upon astrocytes to satisfy hungry neurons},
  author={Pellerin, Luc and Magistretti, Pierre J},
  journal={The Neuroscientist},
  volume={10},
  number={1},
  pages={53--62},
  year={2004},
  publisher={SAGE Publications}
}

@article{haier1988cortical,
  title={Cortical glucose metabolic rate correlates of abstract reasoning and attention studied with positron emission tomography},
  author={Haier, Richard J and Siegel Jr, Benjamin V and Nuechterlein, Keith H and Hazlett, Erin and Wu, Joseph C and Paek, Joanne and Browning, Heather L and Buchsbaum, Monte S},
  journal={Intelligence},
  volume={12},
  number={2},
  pages={199--217},
  year={1988},
  publisher={Elsevier}
}

@article{bejan2011constructal,
  title={The constructal law and the evolution of design in nature},
  author={Bejan, Adrian and Lorente, Sylvie},
  journal={Physics of life Reviews},
  volume={8},
  number={3},
  pages={209--240},
  year={2011},
  publisher={Elsevier}
}

@article{breakspear2005dynamics,
  title={Dynamics of a neural system with a multiscale architecture},
  author={Breakspear, Michael and Stam, Cornelis J},
  journal={Philosophical Transactions of the Royal Society B: Biological Sciences},
  volume={360},
  number={1457},
  pages={1051--1074},
  year={2005},
  publisher={The Royal Society London}
}

@book{juarrero2023context,
  title={Context changes everything: how constraints create coherence},
  author={Juarrero, Alicia},
  year={2023},
  publisher={MIT Press}
}

@article{bullmore2012economy,
  title={The economy of brain network organization},
  author={Bullmore, Ed and Sporns, Olaf},
  journal={Nature reviews neuroscience},
  volume={13},
  number={5},
  pages={336--349},
  year={2012},
  publisher={Nature Publishing Group UK London}
}

@book{clark1998being,
  title={Being there: Putting brain, body, and world together again},
  author={Clark, Andy},
  year={1998},
  publisher={MIT press}
}

@article{noe2004action,
  title={Action in perception},
  author={No{\"e}, Alva},
  journal={Massachusetts Institute of Technology},
  year={2004}
}

@book{varela2017embodied,
  title={The embodied mind, revised edition: Cognitive science and human experience},
  author={Varela, Francisco J and Thompson, Evan and Rosch, Eleanor},
  year={2017},
  publisher={MIT press}
}

@book{maturana1991autopoiesis,
  title={Autopoiesis and cognition: The realization of the living},
  author={Maturana, Humberto R and Varela, Francisco J},
  volume={42},
  year={1991},
  publisher={Springer Science \& Business Media}
}

@misc{searle1980minds,
  title={Minds, Brains, and Programs},
  author={Searle, John},
  year={1980},
  publisher={Behavioral and Brain Science/Cambridge University Press}
}

@book{chalmers1997conscious,
  title={The conscious mind: In search of a fundamental theory},
  author={Chalmers, David J},
  year={1997},
  publisher={Oxford Paperbacks}
}

@book{damasio2006descartes,
  title={Descartes' error},
  author={Damasio, Antonio R},
  year={2006},
  publisher={Random House}
}

@book{thompson2010mind,
  title={Mind in life: Biology, phenomenology, and the sciences of mind},
  author={Thompson, Evan},
  year={2010},
  publisher={Harvard University Press}
}

@incollection{nagel1980like,
  title={What is it like to be a bat?},
  author={Nagel, Thomas},
  booktitle={The language and thought series},
  pages={159--168},
  year={1980},
  publisher={Harvard University Press}
}

@book{seth2021being,
  title={Being you: A new science of consciousness},
  author={Seth, Anil},
  year={2021},
  publisher={Penguin}
}

@book{nagel1989view,
  title={The view from nowhere},
  author={Nagel, Thomas},
  year={1989},
  publisher={oxford university press}
}

@book{goff2019galileo,
  title={Galileo's error: Foundations for a new science of consciousness},
  author={Goff, Philip},
  year={2019},
  publisher={Vintage}
}

@article{block1995confusion,
  title={On a confusion about a function of consciousness},
  author={Block, Ned},
  journal={Behavioral and brain sciences},
  volume={18},
  number={2},
  pages={227--247},
  year={1995},
  publisher={Cambridge University Press}
}

@article{varela1996neurophenomenology,
  title={Neurophenomenology: A methodological remedy for the hard problem},
  author={Varela, Francisco J},
  journal={Journal of consciousness studies},
  volume={3},
  number={4},
  pages={330--349},
  year={1996},
  publisher={Imprint Academic}
}

@book{gallagher2020phenomenological,
  title={The phenomenological mind},
  author={Gallagher, Shaun and Zahavi, Dan},
  year={2020},
  publisher={Routledge}
}

@book{gallistel2011memory,
  title={Memory and the computational brain: Why cognitive science will transform neuroscience},
  author={Gallistel, Charles R and King, Adam Philip},
  year={2011},
  publisher={John Wiley \& Sons}
}

@article{abramsky2011sheaf,
  title={The sheaf-theoretic structure of non-locality and contextuality},
  author={Abramsky, Samson and Brandenburger, Adam},
  journal={New Journal of Physics},
  volume={13},
  number={11},
  pages={113036},
  year={2011},
  publisher={IOP Publishing}
}

@article{abramsky2012logical,
  title={Logical bell inequalities},
  author={Abramsky, Samson and Hardy, Lucien},
  journal={Physical Review Aâ€”Atomic, Molecular, and Optical Physics},
  volume={85},
  number={6},
  pages={062114},
  year={2012},
  publisher={APS}
}

@book{polger2016multiple,
  title={The multiple realization book},
  author={Polger, Thomas W and Shapiro, Lawrence A},
  year={2016},
  publisher={Oxford University Press}
}

@book{anderson2024physical,
  title={The physical signature of computation: A robust mapping account},
  author={Anderson, Neal G and Piccinini, Gualtiero},
  year={2024},
  publisher={Oxford University Press}
}

@book{whitehead2010process,
  title={Process and reality},
  author={Whitehead, Alfred North},
  year={2010},
  publisher={Simon and Schuster}
}

@misc{hunt2024electromagnetic,
  title={Electromagnetic field theories of consciousness: opportunities and obstacles},
  author={Hunt, Tam and Jones, Mostyn and McFadden, Johnjoe and Delorme, Arnaud and Hales, Colin G and Ericson, Marissa and Schooler, Jonathan},
  journal={Frontiers in Human Neuroscience},
  volume={17},
  pages={1342634},
  year={2024},
  publisher={Frontiers Media SA}
}

@article{dennett1992time,
  title={Time and the observer: The where and when of consciousness in the brain},
  author={Dennett, Daniel C and Kinsbourne, Marcel},
  journal={Behavioral and Brain sciences},
  volume={15},
  number={2},
  pages={183--201},
  year={1992},
  publisher={Cambridge University Press}
}

@article{frankish2016illusionism,
  title={Illusionism as a theory of consciousness},
  author={Frankish, Keith},
  journal={Journal of Consciousness Studies},
  volume={23},
  number={11-12},
  pages={11--39},
  year={2016},
  publisher={Imprint Academic}
}

@misc{birch2024edge,
  title={The Edge of Sentience: Risk and Precaution in Humans, Other Animals, and AI},
  author={Birch, Jonathan},
  year={2024},
  publisher={Oxford University Press}
}

@misc{lyon2021reframing,
  title={Reframing cognition: getting down to biological basics},
  author={Lyon, Pamela and Keijzer, Fred and Arendt, Detlev and Levin, Michael},
  journal={Philosophical Transactions of the Royal Society B},
  volume={376},
  number={1820},
  pages={20190750},
  year={2021},
  publisher={The Royal Society}
}

@book{marr2010vision,
  title={Vision: A computational investigation into the human representation and processing of visual information},
  author={Marr, David},
  year={2010},
  publisher={MIT press}
}

@article{turing1936computable,
  title={On computable numbers, with an application to the Entscheidungsproblem},
  author={Turing, Alan Mathison and others},
  journal={J. of Math},
  volume={58},
  number={345-363},
  pages={5},
  year={1936},
  publisher={Wiley Online Library}
}

@article{putnam1967psychological,
  title={Psychological predicates},
  author={Putnam, Hilary and others},
  journal={Art, mind, and religion},
  volume={1},
  pages={37--48},
  year={1967}
}

@book{putnam1988representation,
  title={Representation and reality},
  author={Putnam, Hilary},
  year={1988},
  publisher={MIT Press}
}

@incollection{fodor1980special,
  title={Special sciences, or the disunity of science as a working hypothesis},
  author={Fodor, Jerry A},
  booktitle={The language and thought series},
  pages={120--133},
  year={1980},
  publisher={Harvard University Press}
}

@book{fodor2000mind,
  title={The mind doesn't work that way: The scope and limits of computational psychology},
  author={Fodor, Jerry A},
  year={2000},
  publisher={MIT press}
}

@article{harnad1990symbol,
  title={The symbol grounding problem},
  author={Harnad, Stevan},
  journal={Physica D: Nonlinear Phenomena},
  volume={42},
  number={1-3},
  pages={335--346},
  year={1990},
  publisher={Elsevier}
}

@book{hofstadter1999godel,
  title={G{\"o}del, Escher, Bach: an eternal golden braid},
  author={Hofstadter, Douglas R},
  year={1999},
  publisher={Basic books}
}

@article{hameroff2014consciousness,
  title={Consciousness in the universe: A review of the â€˜Orch ORâ€™theory},
  author={Hameroff, Stuart and Penrose, Roger},
  journal={Physics of life reviews},
  volume={11},
  number={1},
  pages={39--78},
  year={2014},
  publisher={Elsevier}
}

@book{mercier2017enigma,
  title={The enigma of reason},
  author={Mercier, Hugo and Sperber, Dan},
  year={2017},
  publisher={Harvard University Press}
}

@book{barrett2017emotions,
  title={How emotions are made: The secret life of the brain},
  author={Barrett, Lisa Feldman},
  year={2017},
  publisher={Pan Macmillan}
}

@misc{butlin2023consciousnessartificialintelligenceinsights,
      title={Consciousness in Artificial Intelligence: Insights from the Science of Consciousness}, 
      author={Patrick Butlin and Robert Long and Eric Elmoznino and Yoshua Bengio and Jonathan Birch and Axel Constant and George Deane and Stephen M. Fleming and Chris Frith and Xu Ji and Ryota Kanai and Colin Klein and Grace Lindsay and Matthias Michel and Liad Mudrik and Megan A. K. Peters and Eric Schwitzgebel and Jonathan Simon and Rufin VanRullen},
      year={2023},
      eprint={2308.08708},
      archivePrefix={arXiv},
      primaryClass={cs.AI},
      url={https://arxiv.org/abs/2308.08708}, 
}

@article{harris2019conscious,
  title={Conscious: A brief guide to the fundamental mystery of the mind},
  author={Harris, Annaka},
  journal={null},
  year={2019}
}

@book{habermas2001pragmatics,
  title={On the pragmatics of social interaction: Preliminary studies in the theory of communicative action},
  author={Habermas, J{\"u}rgen},
  year={2001},
  publisher={mit Press}
}

@book{bakhtin2010dialogic,
  title={The dialogic imagination: Four essays},
  author={Bakhtin, Mikhail Mikhauilovich},
  year={2010},
  publisher={University of Texas Press}
}