@article{Baars2019,
  author = {Bernard J. Baars and Stan Franklin},
  title = {Global Workspace Theory: Recent Developments in Understanding Consciousness},
  journal = {Nature Reviews Neuroscience},
  year = {2019},
  volume = {20},
  number = {3},
  pages = {137--151},
  note = {DOI: 10.1038/s41583-019-0123-6}
}

@article{Block2020,
  author = {Ned Block and Peter Carruthers},
  title = {The Higher-Order Theory of Consciousness: Recent Challenges and Developments},
  journal = {Mind \& Language},
  year = {2020},
  volume = {35},
  number = {4},
  pages = {454--473},
  note = {DOI: 10.1111/mila.12269}
}

@article{Chalmers2018,
  author = {David J. Chalmers},
  title = {The Meta-Problem of Consciousness},
  journal = {Journal of Consciousness Studies},
  year = {2018},
  volume = {25},
  number = {9-10},
  pages = {6--61},
  note = {No DOI available}
}

@article{Clark2019,
  author = {Andy Clark},
  title = {Consciousness as Generative Entanglement: The Predictive Processing Approach},
  journal = {Journal of Philosophy},
  year = {2019},
  volume = {116},
  number = {12},
  pages = {645--662},
  note = {No DOI available}
}

@article{Dehaene2021,
  author = {Stanislas Dehaene and Jean-Pierre Changeux},
  title = {Neural Signatures of Consciousness: Insights from Theory and Experiment},
  journal = {Neuron},
  year = {2021},
  volume = {109},
  number = {7},
  pages = {1239--1256},
  note = {DOI: 10.1016/j.neuron.2021.03.015}
}

@article{Friston2020,
  author = {Karl Friston and Anil K. Seth},
  title = {Active Inference, Predictive Processing, and Consciousness},
  journal = {Consciousness and Cognition},
  year = {2020},
  volume = {77},
  pages = {102850},
  note = {DOI: 10.1016/j.concog.2020.102850}
}

@book{Graziano2019,
  author = {Michael S. A. Graziano},
  title = {Rethinking Consciousness: A Scientific Theory of Subjective Experience},
  publisher = {Norton \& Company},
  year = {2019},
  note = {ISBN: 9780393652611}
}

@article{Koch2018,
  author = {Christof Koch and Giulio Tononi},
  title = {The Integrated Information Theory of Consciousness: An Updated Account},
  journal = {Archives Italiennes de Biologie},
  year = {2018},
  volume = {156},
  number = {1-2},
  pages = {56--67},
  note = {DOI: 10.12871/000298292018123}
}

@article{Lamme2020,
  author = {Victor A. F. Lamme},
  title = {Visual Experience: Not Just Input to Consciousness},
  journal = {Trends in Cognitive Sciences},
  year = {2020},
  volume = {24},
  number = {8},
  pages = {654--667},
  note = {DOI: 10.1016/j.tics.2020.06.004}
}

@article{McFadden2020,
  author = {John McFadden},
  title = {Integrating Information in the Brain's EM Field: The cemi Field Theory of Consciousness},
  journal = {Neuroscience of Consciousness},
  year = {2020},
  volume = {2020},
  number = {1},
  pages = {niaa016},
  note = {DOI: 10.1093/nc/niaa016}
}

@book{Seth2021,
  author = {Anil K. Seth},
  title = {Being You: A New Science of Consciousness},
  publisher = {Dutton},
  year = {2021},
  note = {ISBN: 9781524742874}
}

@book{Thompson2018,
  author = {Evan Thompson},
  title = {Mind in Life: Biology, Phenomenology, and the Sciences of Mind},
  publisher = {Harvard University Press},
  year = {2018},
  note = {ISBN: 9780674025110}
}

@article{Tononi2021,
  author = {Giulio Tononi and Christof Koch},
  title = {The Integrated Information Theory of Consciousness: Current Status and Future Directions},
  journal = {Nature Reviews Neuroscience},
  year = {2021},
  volume = {22},
  number = {7},
  pages = {472--485},
  note = {DOI: 10.1038/s41583-021-00430-2}
}

@book{Varela2017,
  author = {Francisco J. Varela and Evan Thompson and Eleanor Rosch},
  title = {The Embodied Mind: Cognitive Science and Human Experience},
  publisher = {MIT Press},
  year = {2017},
  note = {ISBN: 9780262529361}
}

@incollection{Chalmers2015,
  author    = {David J. Chalmers},
  title     = {Panpsychism and Panprotopsychism},
  booktitle = {Consciousness in the Physical World: Perspectives on Russellian Monism},
  editor    = {T. Alter and Y. Nagasawa},
  publisher = {Oxford University Press},
  year      = {2015},
  pages     = {246--276},
  note      = {ISBN: 9780199927357}
}

@book{Goff2019,
  author    = {Philip Goff},
  title     = {Galileo's Error: Foundations for a New Science of Consciousness},
  publisher = {Pantheon Books},
  year      = {2019},
  note      = {ISBN: 9781524747961}
}

@book{Koch2019,
  author    = {Christof Koch},
  title     = {The Feeling of Life Itself: Why Consciousness Is Widespread but Can't Be Computed},
  publisher = {MIT Press},
  year      = {2019},
  note      = {ISBN: 9780262042819}
}

@incollection{Nagel1979,
  author    = {Thomas Nagel},
  title     = {Panpsychism},
  booktitle = {Mortal Questions},
  publisher = {Cambridge University Press},
  year      = {1979},
  pages     = {181--195},
  note      = {ISBN: 9780521223607}
}

@article{Tononi2008,
  author    = {Giulio Tononi},
  title     = {Consciousness as Integrated Information: A Provisional Manifesto},
  journal   = {The Biological Bulletin},
  year      = {2008},
  volume    = {215},
  number    = {3},
  pages     = {216--242},
  note      = {DOI: 10.2307/25470707}
}

@article{Tononi2015,
  author    = {Giulio Tononi and Christof Koch},
  title     = {Consciousness: Here, There and Everywhere?},
  journal   = {Philosophical Transactions of the Royal Society B},
  year      = {2015},
  volume    = {370},
  number    = {1668},
  pages     = {20140167},
  note      = {DOI: 10.1098/rstb.2014.0167}
}

@article{Tononi2016,
  author    = {Giulio Tononi and Marcello Boly and Massimini and Christof Koch},
  title     = {Integrated Information Theory: From Consciousness to Its Physical Substrate},
  journal   = {Nature Reviews Neuroscience},
  year      = {2016},
  volume    = {17},
  number    = {7},
  pages     = {450--461},
  note      = {DOI: 10.1038/nrn.2016.44}
}

@article{Strawson2006,
  author    = {Galen Strawson},
  title     = {Realistic Monism: Why Physicalism Entails Panpsychism},
  journal   = {Journal of Consciousness Studies},
  year      = {2006},
  volume    = {13},
  number    = {10-11},
  pages     = {3--31}
}

@book{Skrbina2017,
  author    = {David Skrbina},
  title     = {Panpsychism in the West (Revised Edition)},
  publisher = {MIT Press},
  year      = {2017},
  note      = {ISBN: 9780262533690}
}

@incollection{Mathews2011,
  author    = {Freya Mathews},
  title     = {Panpsychism as Paradigm},
  booktitle = {The Mental as Fundamental: New Perspectives on Panpsychism},
  editor    = {M. Blamauer},
  publisher = {Ontos Verlag},
  year      = {2011},
  pages     = {141--155},
  note      = {ISBN: 9783868381100}
}

@article{Oizumi2014,
  author    = {Masafumi Oizumi and Larissa Albantakis and Giulio Tononi},
  title     = {From the Phenomenology to the Mechanisms of Consciousness: Integrated Information Theory 3.0},
  journal   = {PLoS Computational Biology},
  year      = {2014},
  volume    = {10},
  number    = {5},
  pages     = {e1003588},
  note      = {DOI: 10.1371/journal.pcbi.1003588}
}

@article{Shani2015,
  author    = {Itay Shani},
  title     = {Cosmopsychism: A Holistic Approach to the Metaphysics of Experience},
  journal   = {Philosophical Papers},
  year      = {2015},
  volume    = {44},
  number    = {3},
  pages     = {389--437},
  note      = {DOI: 10.1080/05568641.2015.1106706}
}

@book{Baars1988,
  author = {Bernard J. Baars},
  title = {A Cognitive Theory of Consciousness},
  publisher = {Cambridge University Press},
  year = {1988},
  note = {ISBN: 9780521301336}
}

@article{Baars2002,
  author = {Bernard J. Baars},
  title = {The Conscious Access Hypothesis: Origins and Recent Evidence},
  journal = {Trends in Cognitive Sciences},
  year = {2002},
  volume = {6},
  number = {1},
  pages = {47--52},
  note = {DOI: 10.1016/S1364-6613(00)01819-2}
}

@article{Baars2013,
  author = {Bernard J. Baars and Stan Franklin and Thomas Z. Ramsoy},
  title = {Global Workspace Dynamics: Cortical Binding and Propagation Enables Conscious Contents},
  journal = {Frontiers in Psychology},
  year = {2013},
  volume = {4},
  pages = {200},
  note = {DOI: 10.3389/fpsyg.2013.00200}
}

@book{Dehaene2014,
  author = {Stanislas Dehaene},
  title = {Consciousness and the Brain: Deciphering How the Brain Codes Our Thoughts},
  publisher = {Viking},
  year = {2014},
  note = {ISBN: 9780670025435}
}

@article{Dehaene2011,
  author = {Stanislas Dehaene and Jean-Pierre Changeux},
  title = {Experimental and Theoretical Approaches to Conscious Processing},
  journal = {Neuron},
  year = {2011},
  volume = {70},
  number = {2},
  pages = {200--227},
  note = {DOI: 10.1016/j.neuron.2011.03.018}
}

@article{Dehaene2006,
  author = {Stanislas Dehaene and Jean-Pierre Changeux and Lionel Naccache and J. Sackur and C. Sergent},
  title = {Conscious, Preconscious, and Subliminal Processing: A Testable Taxonomy},
  journal = {Trends in Cognitive Sciences},
  year = {2006},
  volume = {10},
  number = {5},
  pages = {204--211},
  note = {DOI: 10.1016/j.tics.2006.03.007}
}

@article{Dehaene2001,
  author = {Stanislas Dehaene and Lionel Naccache},
  title = {Towards a Cognitive Neuroscience of Consciousness: Basic Evidence and a Workspace Framework},
  journal = {Cognition},
  year = {2001},
  volume = {79},
  number = {1-2},
  pages = {1--37},
  note = {DOI: 10.1016/S0010-0277(00)00123-2}
}

@article{Franklin1999,
  author = {Stan Franklin and Arthur Graesser},
  title = {A Software Agent Model of Consciousness},
  journal = {Consciousness and Cognition},
  year = {1999},
  volume = {8},
  number = {3},
  pages = {285--301},
  note = {DOI: 10.1006/ccog.1999.0384}
}

@article{Mashour2020,
  author = {George A. Mashour and Pieter Roelfsema and Jean-Pierre Changeux and Stanislas Dehaene},
  title = {Conscious Processing and the Global Neuronal Workspace Hypothesis},
  journal = {Neuron},
  year = {2020},
  volume = {105},
  number = {5},
  pages = {776--798},
  note = {DOI: 10.1016/j.neuron.2020.01.026}
}

@article{Sergent2004,
  author = {Claire Sergent and Stanislas Dehaene},
  title = {Is Consciousness a Gradual Phenomenon? Evidence for an All-or-None Bifurcation During the Attentional Blink},
  journal = {Psychological Science},
  year = {2004},
  volume = {15},
  number = {11},
  pages = {720--728},
  note = {DOI: 10.1111/j.0956-7976.2004.00748.x}
}

@article{Shanahan2012,
  author = {Murray Shanahan},
  title = {The Brain's Connective Core and Its Role in Animal Cognition},
  journal = {Philosophical Transactions of the Royal Society B: Biological Sciences},
  year = {2012},
  volume = {367},
  number = {1603},
  pages = {2704--2714},
  note = {DOI: 10.1098/rstb.2012.0128}
}

@book{Wallace2005,
  author = {Rodrick Wallace},
  title = {Consciousness: A Mathematical Treatment of the Global Neuronal Workspace Model},
  publisher = {Springer},
  year = {2005},
  note = {ISBN: 9780387263275}
}

@article{Blackmore2002,
  author = {Susan Blackmore},
  title = {There is No Stream of Consciousness},
  journal = {Journal of Consciousness Studies},
  year = {2002},
  volume = {9},
  number = {5-6},
  pages = {17--28},
  note = {Available at: \url{https://www.susanblackmore.uk/articles/there-is-no-stream-of-consciousness/}}
}

@book{Dennett1991,
  author = {Daniel C. Dennett},
  title = {Consciousness Explained},
  publisher = {Little, Brown and Company},
  year = {1991},
  note = {ISBN: 9780316180665}
}

@article{Dennett2016,
  author = {Daniel C. Dennett},
  title = {Illusionism as the Obvious Default Theory of Consciousness},
  journal = {Journal of Consciousness Studies},
  year = {2016},
  volume = {23},
  number = {11-12},
  pages = {65--72}
}

@article{Dennett1992,
  author = {Daniel C. Dennett and Marcel Kinsbourne},
  title = {Time and the Observer: The Where and When of Consciousness in the Brain},
  journal = {Behavioral and Brain Sciences},
  year = {1992},
  volume = {15},
  number = {2},
  pages = {183--201},
  note = {DOI: 10.1017/S0140525X00068229}
}

@article{Frankish2016,
  author = {Keith Frankish},
  title = {Illusionism as a Theory of Consciousness},
  journal = {Journal of Consciousness Studies},
  year = {2016},
  volume = {23},
  number = {11-12},
  pages = {11--39}
}

@article{Frankish2019,
  author = {Keith Frankish},
  title = {The Meta-Problem of Consciousness and the Phenomenal Concept Strategy},
  journal = {Journal of Consciousness Studies},
  year = {2019},
  volume = {26},
  number = {9-10},
  pages = {124--139}
}

@book{Humphrey2011,
  author = {Nicholas Humphrey},
  title = {Soul Dust: The Magic of Consciousness},
  publisher = {Princeton University Press},
  year = {2011},
  note = {ISBN: 9780691148595}
}

@book{Pereboom2011,
  author = {Derk Pereboom},
  title = {Consciousness and the Prospects of Physicalism},
  publisher = {Oxford University Press},
  year = {2011},
  note = {ISBN: 9780199764035}
}

@incollection{Rey1995,
  author = {Georges Rey},
  title = {Towards a Projectivist Account of Conscious Experience},
  booktitle = {Conscious Experience},
  editor = {Thomas Metzinger},
  publisher = {Ferdinand Schöningh},
  year = {1995},
  pages = {123--142}
}

@book{Schwitzgebel2011,
  author = {Eric Schwitzgebel},
  title = {Perplexities of Consciousness},
  publisher = {MIT Press},
  year = {2011},
  note = {ISBN: 9780262516475}
}

@book{Thompson2014,
  author = {Evan Thompson},
  title = {Waking, Dreaming, Being: Self and Consciousness in Neuroscience, Meditation, and Philosophy},
  publisher = {Columbia University Press},
  year = {2014},
  note = {ISBN: 9780231137096}
}

@incollection{VanGulick2018,
  author = {Robert Van Gulick},
  title = {Multiple Drafts Model},
  booktitle = {The Philosophy of Mind: A Beginner's Guide},
  editor = {Richard Turner},
  publisher = {University of Chicago Press},
  year = {2018},
  pages = {147--159}
}

@book{Graziano2013,
  author = {Michael S. A. Graziano},
  title = {Consciousness and the Social Brain},
  publisher = {Oxford University Press},
  year = {2013},
  note = {ISBN: 9780199928642}
}

@article{Graziano2011,
  author = {Michael S. A. Graziano and Sabine Kastner},
  title = {Human consciousness and its relationship to social neuroscience: A novel hypothesis},
  journal = {Cognitive Neuroscience},
  year = {2011},
  volume = {2},
  number = {2},
  pages = {98--113},
  note = {DOI: 10.1080/17588928.2011.565121}
}

@article{GrazianoWebb2015,
  author = {Michael S. A. Graziano and Taylor W. Webb},
  title = {The attention schema theory: A mechanistic account of subjective awareness},
  journal = {Frontiers in Psychology},
  year = {2015},
  volume = {6},
  pages = {500},
  note = {DOI: 10.3389/fpsyg.2015.00500}
}

@article{Kelly2014,
  author = {Yarrow T. Kelly and Taylor W. Webb and James D. Meier and Michael J. Arcaro and Michael S. A. Graziano},
  title = {Attributing awareness to oneself and to others},
  journal = {Proceedings of the National Academy of Sciences},
  year = {2014},
  volume = {111},
  number = {13},
  pages = {5012--5017},
  note = {DOI: 10.1073/pnas.1401201111}
}

@article{Webb2016,
  author = {Taylor W. Webb and Kristoffer M. Igelström and Aaron Schurger and Michael S. A. Graziano},
  title = {Cortical networks involved in visual awareness independent of visual attention},
  journal = {Proceedings of the National Academy of Sciences},
  year = {2016},
  volume = {113},
  number = {48},
  pages = {13923--13928},
  note = {DOI: 10.1073/pnas.1611505113}
}

@article{WebbKemper2020,
  author = {Taylor W. Webb and Carol M. Kemper and Nayoung Kim and Alyssa M. W. Reblando and Michael S. A. Graziano},
  title = {Attention control and the attention schema theory of consciousness},
  journal = {Progress in Neurobiology},
  year = {2020},
  volume = {195},
  pages = {101844},
  note = {DOI: 10.1016/j.pneurobio.2020.101844}
}

@article{Graziano2002,
  author = {Michael S. A. Graziano and Charlotte S. R. Taylor and Thomas Moore},
  title = {Complex movements evoked by microstimulation of precentral cortex},
  journal = {Neuron},
  year = {2002},
  volume = {34},
  number = {5},
  pages = {841--851},
  note = {DOI: 10.1016/S0896-6273(02)00698-0}
}

@article{Graziano2017,
  author = {Michael S. A. Graziano},
  title = {The attention schema theory: A foundation for engineering artificial consciousness},
  journal = {Frontiers in Robotics and AI},
  year = {2017},
  volume = {4},
  pages = {60},
  note = {DOI: 10.3389/frobt.2017.00060}
}

@incollection{Kelly2016,
  author = {Yarrow T. Kelly and Michael S. A. Graziano},
  title = {A mechanistic model of consciousness},
  booktitle = {The Neurology of Consciousness (Second Edition)},
  editor = {Steven Laureys and Olivia Gosseries and Giulio Tononi},
  publisher = {Academic Press},
  year = {2016},
  pages = {35--46}
}

@book{Armstrong1968,
  author = {D. M. Armstrong},
  title = {A Materialist Theory of the Mind},
  publisher = {Routledge \& Kegan Paul},
  year = {1968},
  note = {ISBN: 9780710036346}
}

@article{Brown2019,
  author = {R. Brown and H. Lau and J. E. LeDoux},
  title = {Understanding the higher-order approach to consciousness},
  journal = {Trends in Cognitive Sciences},
  year = {2019},
  volume = {23},
  number = {9},
  pages = {754--768},
  note = {DOI: 10.1016/j.tics.2019.06.009}
}

@book{Carruthers2000,
  author = {P. Carruthers},
  title = {Phenomenal Consciousness: A Naturalistic Theory},
  publisher = {Cambridge University Press},
  year = {2000},
  note = {ISBN: 9780521783908}
}

@article{Cleeremans2011,
  author = {A. Cleeremans},
  title = {The radical plasticity thesis: How the brain learns to be conscious},
  journal = {Frontiers in Psychology},
  year = {2011},
  volume = {2},
  pages = {86},
  note = {DOI: 10.3389/fpsyg.2011.00086}
}

@book{Gennaro2012,
  author = {R. J. Gennaro},
  title = {The Consciousness Paradox: Consciousness, Concepts, and Higher-Order Thoughts},
  publisher = {MIT Press},
  year = {2012},
  note = {ISBN: 9780262016606}
}

@book{Hofstadter2007,
  author = {D. R. Hofstadter},
  title = {I Am a Strange Loop},
  publisher = {Basic Books},
  year = {2007},
  note = {ISBN: 9780465030798}
}

@book{Kriegel2009,
  author = {U. Kriegel},
  title = {Subjective Consciousness: A Self-Representational Theory},
  publisher = {Oxford University Press},
  year = {2009},
  note = {ISBN: 9780199570355}
}

@article{Lau2011,
  author = {H. Lau and D. Rosenthal},
  title = {Empirical support for higher-order theories of conscious awareness},
  journal = {Trends in Cognitive Sciences},
  year = {2011},
  volume = {15},
  number = {8},
  pages = {365--373},
  note = {DOI: 10.1016/j.tics.2011.05.009}
}

@article{LeDoux2017,
  author = {J. E. LeDoux and R. Brown},
  title = {A higher-order theory of emotional consciousness},
  journal = {Proceedings of the National Academy of Sciences},
  year = {2017},
  volume = {114},
  number = {10},
  pages = {E2016--E2025},
  note = {DOI: 10.1073/pnas.1619316114}
}

@book{Lycan1996,
  author = {W. G. Lycan},
  title = {Consciousness and Experience},
  publisher = {MIT Press},
  year = {1996},
  note = {ISBN: 9780262621046}
}

@book{Rosenthal2005,
  author = {D. M. Rosenthal},
  title = {Consciousness and Mind},
  publisher = {Oxford University Press},
  year = {2005},
  note = {ISBN: 9780198236979}
}

@article{Rosenthal2019,
  author = {D. M. Rosenthal},
  title = {Consciousness and confidence},
  journal = {Neuropsychologia},
  year = {2019},
  volume = {128},
  pages = {255--265},
  note = {DOI: 10.1016/j.neuropsychologia.2018.03.016}
}

@article{Clark2013,
  author = {A. Clark},
  title = {Whatever next? Predictive brains, situated agents, and the future of cognitive science},
  journal = {Behavioral and Brain Sciences},
  year = {2013},
  volume = {36},
  number = {3},
  pages = {181--204},
  note = {DOI: 10.1017/S0140525X12000477}
}

@book{Clark2016,
  author = {A. Clark},
  title = {Surfing Uncertainty: Prediction, Action, and the Embodied Mind},
  publisher = {Oxford University Press},
  year = {2016},
  note = {ISBN: 9780190217017}
}

@article{Friston2010,
  author = {K. Friston},
  title = {The free-energy principle: A unified brain theory?},
  journal = {Nature Reviews Neuroscience},
  year = {2010},
  volume = {11},
  number = {2},
  pages = {127--138},
  note = {DOI: 10.1038/nrn2787}
}

@article{Friston2009,
  author = {K. Friston and S. Kiebel},
  title = {Predictive coding under the free-energy principle},
  journal = {Philosophical Transactions of the Royal Society B: Biological Sciences},
  year = {2009},
  volume = {364},
  number = {1521},
  pages = {1211--1221},
  note = {DOI: 10.1098/rstb.2008.0300}
}

@book{Hohwy2013,
  author = {J. Hohwy},
  title = {The Predictive Mind},
  publisher = {Oxford University Press},
  year = {2013},
  note = {ISBN: 9780199682731}
}

@article{Hohwy2008,
  author = {J. Hohwy and A. Roepstorff and K. Friston},
  title = {Predictive coding explains binocular rivalry: An epistemological review},
  journal = {Cognition},
  year = {2008},
  volume = {108},
  number = {3},
  pages = {687--701},
  note = {DOI: 10.1016/j.cognition.2008.05.010}
}

@article{Rao1999,
  author = {R. P. Rao and D. H. Ballard},
  title = {Predictive coding in the visual cortex: A functional interpretation of some extra-classical receptive-field effects},
  journal = {Nature Neuroscience},
  year = {1999},
  volume = {2},
  number = {1},
  pages = {79--87},
  note = {DOI: 10.1038/4580}
}

@article{Seth2014,
  author = {A. K. Seth},
  title = {A predictive processing theory of sensorimotor contingencies: Explaining the puzzle of perceptual presence and its absence in synesthesia},
  journal = {Cognitive Neuroscience},
  year = {2014},
  volume = {5},
  number = {2},
  pages = {97--118},
  note = {DOI: 10.1080/17588928.2013.877880}
}

@article{Seth2016,
  author = {A. K. Seth and K. J. Friston},
  title = {Active interoceptive inference and the emotional brain},
  journal = {Philosophical Transactions of the Royal Society B: Biological Sciences},
  year = {2016},
  volume = {371},
  number = {1708},
  pages = {20160007},
  note = {DOI: 10.1098/rstb.2016.0007}
}

@article{Seth2012,
  author = {A. K. Seth and K. Suzuki and H. D. Critchley},
  title = {An interoceptive predictive coding model of conscious presence},
  journal = {Frontiers in Psychology},
  year = {2012},
  volume = {2},
  pages = {395},
  note = {DOI: 10.3389/fpsyg.2011.00395}
}

@inbook{Wiese2017,
  author = {W. Wiese and T. Metzinger},
  title = {Vanilla PP for philosophers: A primer on predictive processing},
  booktitle = {Philosophy and Predictive Processing},
  publisher = {MIND Group},
  year = {2017}
}

@article{Kirchhoff2018,
  author = {M. D. Kirchhoff and I. Robertson},
  title = {Enactivist interventions: Rethinking the mind},
  journal = {Synthese},
  year = {2018},
  volume = {195},
  number = {11},
  pages = {5087--5111},
  note = {DOI: 10.1007/s11229-017-1430-8}
}

@article{Barrett2011,
  author = {A. B. Barrett and A. K. Seth},
  title = {Practical measures of integrated information for time-series data},
  journal = {PLoS Computational Biology},
  year = {2011},
  volume = {7},
  number = {1},
  pages = {e1001052},
  note = {DOI: 10.1371/journal.pcbi.1001052}
}

@article{Frohlich2010,
  author = {F. Fröhlich and D. A. McCormick},
  title = {Endogenous electric fields may guide neocortical network activity},
  journal = {Neuron},
  year = {2010},
  volume = {67},
  number = {1},
  pages = {129--143},
  note = {DOI: 10.1016/j.neuron.2010.06.005}
}

@article{McFadden2002,
  author = {J. McFadden},
  title = {The conscious electromagnetic information (cemi) field theory: The hard problem made easy?},
  journal = {Journal of Consciousness Studies},
  year = {2002},
  volume = {9},
  number = {8},
  pages = {45--60}
}

@book{Pockett2000,
  author = {S. Pockett},
  title = {The Nature of Consciousness: A Hypothesis},
  publisher = {Writers Club Press},
  year = {2000},
  note = {ISBN: 9780595092895}
}

@article{Pockett2012,
  author = {S. Pockett},
  title = {The electromagnetic field theory of consciousness: A testable hypothesis about the characteristics of conscious as opposed to non-conscious fields},
  journal = {Journal of Consciousness Studies},
  year = {2012},
  volume = {19},
  number = {11-12},
  pages = {191--223}
}

@book{Prinz2012,
  author = {J. J. Prinz},
  title = {The Conscious Brain: How Attention Engenders Experience},
  publisher = {Oxford University Press},
  year = {2012},
  note = {ISBN: 9780195313233}
}

@article{Radman2007,
  author = {T. Radman and Y. Su and J. H. An and L. C. Parra and M. Bikson},
  title = {Spike timing amplifies the effect of electric fields on neurons: Implications for endogenous field effects},
  journal = {Journal of Neuroscience},
  year = {2007},
  volume = {27},
  number = {11},
  pages = {3030--3036},
  note = {DOI: 10.1523/JNEUROSCI.0095-07.2007}
}

@article{Rouleau2014,
  author = {N. Rouleau and B. T. Dotta},
  title = {Electromagnetic fields as structure-function zeitgebers in biological systems: Environmental orchestrations of morphogenesis and consciousness},
  journal = {Frontiers in Integrative Neuroscience},
  year = {2014},
  volume = {8},
  pages = {84},
  note = {DOI: 10.3389/fnint.2014.00084}
}

@article{Singer2001,
  author = {W. Singer},
  title = {Consciousness and the binding problem},
  journal = {Annals of the New York Academy of Sciences},
  year = {2001},
  volume = {929},
  number = {1},
  pages = {123--146},
  note = {DOI: 10.1111/j.1749-6632.2001.tb05712.x}
}

@article{Weiss2010,
  author = {S. A. Weiss and D. S. Faber},
  title = {Field effects in the CNS play functional roles},
  journal = {Frontiers in Neural Circuits},
  year = {2010},
  volume = {4},
  pages = {15},
  note = {DOI: 10.3389/fncir.2010.00015}
}

@article{John2001,
  author = {E. R. John},
  title = {A field theory of consciousness},
  journal = {Consciousness and Cognition},
  year = {2001},
  volume = {10},
  number = {2},
  pages = {184--213},
  note = {DOI: 10.1006/ccog.2000.0480}
}

@article{Baluska2016,
  author = {F. Baluška and M. Levin},
  title = {On having no head: Cognition throughout biological systems},
  journal = {Frontiers in Psychology},
  year = {2016},
  volume = {7},
  pages = {902},
  note = {DOI: 10.3389/fpsyg.2016.00902}
}

@article{Fields2020,
  author = {C. Fields and M. Levin},
  title = {Scale-free biology: Integrating evolutionary and developmental thinking},
  journal = {BioEssays},
  year = {2020},
  volume = {42},
  number = {8},
  pages = {1900228},
  note = {DOI: 10.1002/bies.201900228}
}

@book{Lane2015,
  author = {N. Lane},
  title = {The Vital Question: Energy, Evolution, and the Origins of Complex Life},
  publisher = {W.W. Norton \& Company},
  year = {2015},
  note = {ISBN: 9780393352979}
}

@article{Levin2019,
  author = {M. Levin},
  title = {The computational boundary of a "self": Developmental bioelectricity drives multicellularity and scale-free cognition},
  journal = {Frontiers in Psychology},
  year = {2019},
  volume = {10},
  pages = {2688},
  note = {DOI: 10.3389/fpsyg.2019.02688}
}

@article{Levin2018,
  author = {M. Levin and C. J. Martyniuk},
  title = {The bioelectric code: An ancient computational medium for dynamic control of growth and form},
  journal = {Biosystems},
  year = {2018},
  volume = {164},
  pages = {76--93},
  note = {DOI: 10.1016/j.biosystems.2017.08.009}
}

@article{Lyon2015,
  author = {P. Lyon},
  title = {The cognitive cell: Bacterial behavior reconsidered},
  journal = {Frontiers in Microbiology},
  year = {2015},
  volume = {6},
  pages = {264},
  note = {DOI: 10.3389/fmicb.2015.00264}
}

@article{Margulis2001,
  author = {L. Margulis},
  title = {The conscious cell},
  journal = {Annals of the New York Academy of Sciences},
  year = {2001},
  volume = {929},
  number = {1},
  pages = {55--70},
  note = {DOI: 10.1111/j.1749-6632.2001.tb05709.x}
}

@article{Manicka2019,
  author = {S. Manicka and M. Levin},
  title = {The cognitive lens: A primer on conceptual tools for analysing information processing in developmental and regenerative morphogenesis},
  journal = {Philosophical Transactions of the Royal Society B},
  year = {2019},
  volume = {374},
  number = {1774},
  pages = {20180369},
  note = {DOI: 10.1098/rstb.2018.0369}
}

@article{Mitchell2016,
  author = {A. Mitchell and W. Lim},
  title = {Cellular perception and misperception: Internal models for decision-making shaped by evolutionary experience},
  journal = {Trends in Cell Biology},
  year = {2016},
  volume = {26},
  number = {6},
  pages = {445--454},
  note = {DOI: 10.1016/j.tcb.2016.02.010}
}

@article{Pattee2001,
  author = {H. H. Pattee},
  title = {The physics of symbols: Bridging the epistemic cut},
  journal = {Biosystems},
  year = {2001},
  volume = {60},
  number = {1-3},
  pages = {5--21},
  note = {DOI: 10.1016/S0303-2647(01)00104-6}
}

@article{Shapiro2007,
  author = {J. A. Shapiro},
  title = {Bacteria are small but not stupid: Cognition, natural genetic engineering and socio-bacteriology},
  journal = {Studies in History and Philosophy of Science Part C},
  year = {2007},
  volume = {38},
  number = {4},
  pages = {807--819},
  note = {DOI: 10.1016/j.shpsc.2007.09.010}
}

@article{vanDuijn2006,
  author = {M. van Duijn and F. Keijzer and D. Franken},
  title = {Principles of minimal cognition: Casting cognition as sensorimotor coordination},
  journal = {Adaptive Behavior},
  year = {2006},
  volume = {14},
  number = {2},
  pages = {157--170},
  note = {DOI: 10.1177/105971230601400207}
}

@article{Beck1992,
  author = {F. Beck and J. C. Eccles},
  title = {Quantum aspects of brain activity and the role of consciousness},
  journal = {Proceedings of the National Academy of Sciences},
  year = {1992},
  volume = {89},
  number = {23},
  pages = {11357--11361},
  note = {doi: 10.1073/pnas.89.23.11357}
}

@article{Bohm1990,
  author = {D. Bohm},
  title = {A new theory of the relationship of mind and matter},
  journal = {Philosophical Psychology},
  year = {1990},
  volume = {3},
  number = {2},
  pages = {271--286},
  note = {doi: 10.1080/09515089008573004}
}

@article{Hagan2002,
  author = {S. Hagan and S. R. Hameroff and J. A. Tuszyński},
  title = {Quantum computation in brain microtubules: Decoherence and biological feasibility},
  journal = {Physical Review E},
  year = {2002},
  volume = {65},
  number = {6},
  pages = {061901},
  note = {doi: 10.1103/PhysRevE.65.061901}
}

@article{Hameroff2014,
  author = {S. Hameroff and R. Penrose},
  title = {Consciousness in the universe: A review of the 'Orch OR' theory},
  journal = {Physics of Life Reviews},
  year = {2014},
  volume = {11},
  number = {1},
  pages = {39--78},
  note = {doi: 10.1016/j.plrev.2013.08.002}
}

@article{Koch2006,
  author = {C. Koch and K. Hepp},
  title = {Quantum mechanics in the brain},
  journal = {Nature},
  year = {2006},
  volume = {440},
  number = {7084},
  pages = {611--612},
  note = {doi: 10.1038/440611a}
}

@book{Penrose1989,
  author = {R. Penrose},
  title = {The Emperor's New Mind: Concerning Computers, Minds, and the Laws of Physics},
  publisher = {Oxford University Press},
  year = {1989},
  note = {ISBN: 9780198519737}
}

@book{Penrose1994,
  author = {R. Penrose},
  title = {Shadows of the Mind: A Search for the Missing Science of Consciousness},
  publisher = {Oxford University Press},
  year = {1994},
  note = {ISBN: 9780198539780}
}

@book{Stapp2009,
  author = {H. P. Stapp},
  title = {Mind, Matter and Quantum Mechanics},
  edition = {3rd},
  publisher = {Springer},
  year = {2009},
  note = {doi: 10.1007/978-3-540-89638-0}
}

@article{Tegmark2000,
  author = {M. Tegmark},
  title = {Importance of quantum decoherence in brain processes},
  journal = {Physical Review E},
  year = {2000},
  volume = {61},
  number = {4},
  pages = {4194--4206},
  note = {doi: 10.1103/PhysRevE.61.4194}
}

@book{Vitiello2001,
  author = {G. Vitiello},
  title = {My Double Unveiled: The Dissipative Quantum Model of Brain},
  publisher = {John Benjamins Publishing},
  year = {2001},
  note = {doi: 10.1075/aicr.36}
}

@book{Walker2000,
  author = {E. H. Walker},
  title = {The Physics of Consciousness: Quantum Minds and the Meaning of Life},
  publisher = {Perseus Publishing},
  year = {2000}
}

@book{Clark1997,
  author    = {Andy Clark},
  title     = {Being There: Putting Brain, Body, and World Together Again},
  publisher = {MIT Press},
  year      = {1997},
  note      = {ISBN: 9780262032407}
}

@book{Csordas1994,
  author    = {Thomas J. Csordas},
  title     = {Embodiment and Experience: The Existential Ground of Culture and Self},
  publisher = {Cambridge University Press},
  year      = {1994},
  note      = {ISBN: 9780521458900}
}

@book{Dreyfus1992,
  author    = {Hubert L. Dreyfus},
  title     = {What Computers Still Can't Do: A Critique of Artificial Reason},
  publisher = {MIT Press},
  year      = {1992},
  note      = {ISBN: 9780262540674}
}

@book{Gallagher2005,
  author    = {Shaun Gallagher},
  title     = {How the Body Shapes the Mind},
  publisher = {Oxford University Press},
  year      = {2005},
  note      = {ISBN: 9780199271948}
}

@book{Gibson1979,
  author    = {James J. Gibson},
  title     = {The Ecological Approach to Visual Perception},
  publisher = {Houghton Mifflin},
  year      = {1979},
  note      = {ISBN: 9780898599596}
}

@book{Howes2003,
  author    = {David Howes},
  title     = {Sensual Relations: Engaging the Senses in Culture and Social Theory},
  publisher = {University of Michigan Press},
  year      = {2003},
  note      = {ISBN: 9780472031986}
}

@book{Ingold2000,
  author    = {Tim Ingold},
  title     = {The Perception of the Environment: Essays on Livelihood, Dwelling and Skill},
  publisher = {Routledge},
  year      = {2000},
  note      = {ISBN: 9780415228329}
}

@book{Jackson1989,
  author    = {Michael Jackson},
  title     = {Paths Toward a Clearing: Radical Empiricism and Ethnographic Inquiry},
  publisher = {Indiana University Press},
  year      = {1989},
  note      = {ISBN: 9780253205244}
}

@book{Lakoff1999,
  author    = {George Lakoff and Mark Johnson},
  title     = {Philosophy in the Flesh: The Embodied Mind and Its Challenge to Western Thought},
  publisher = {Basic Books},
  year      = {1999},
  note      = {ISBN: 9780465056743}
}

@book{Leder1990,
  author    = {Drew Leder},
  title     = {The Absent Body},
  publisher = {University of Chicago Press},
  year      = {1990},
  note      = {ISBN: 9780226470001}
}

@book{Marchand2010,
  author    = {Timothy H. J. Marchand},
  title     = {Making Knowledge: Explorations of the Indissoluble Relation Between Mind, Body, and Environment},
  publisher = {Royal Anthropological Institute},
  year      = {2010},
  note      = {ISBN: 9781444337472}
}

@book{MerleauPonty1962,
  author    = {Maurice Merleau-Ponty},
  title     = {Phenomenology of Perception},
  publisher = {Routledge \& Kegan Paul},
  year      = {1962},
  note      = {ISBN: 9780415278416}
}

@book{Noe2004,
  author    = {Alva Noë},
  title     = {Action in Perception},
  publisher = {MIT Press},
  year      = {2004},
  note      = {ISBN: 9780262140881}
}

@book{Thompson2007,
  author    = {Evan Thompson},
  title     = {Mind in Life: Biology, Phenomenology, and the Sciences of Mind},
  publisher = {Harvard University Press},
  year      = {2007},
  note      = {ISBN: 9780674025111}
}

@book{Varela1991,
  author    = {Francisco J. Varela and Evan Thompson and Eleanor Rosch},
  title     = {The Embodied Mind: Cognitive Science and Human Experience},
  publisher = {MIT Press},
  year      = {1991},
  note      = {ISBN: 9780262720212}
}

@article{Lamme2006,
  author    = {Victor A. F. Lamme},
  title     = {Towards a true neural stance on consciousness},
  journal   = {Trends in Cognitive Sciences},
  year      = {2006},
  volume    = {10},
  number    = {11},
  pages     = {494--501},
  note      = {DOI: 10.1016/j.tics.2006.09.001}
}

@article{Lamme2000,
  author    = {Victor A. F. Lamme and Pieter R. Roelfsema},
  title     = {The distinct modes of vision offered by feedforward and recurrent processing},
  journal   = {Trends in Neurosciences},
  year      = {2000},
  volume    = {23},
  number    = {11},
  pages     = {571--579},
  note      = {DOI: 10.1016/S0166-2236(00)01657-X}
}

@article{Fahrenfort2007,
  author    = {J. J. Fahrenfort and H. S. Scholte and V. A. F. Lamme},
  title     = {Masking disrupts reentrant processing in human visual cortex},
  journal   = {Journal of Cognitive Neuroscience},
  year      = {2007},
  volume    = {19},
  number    = {9},
  pages     = {1488--1497},
  note      = {DOI: 10.1162/jocn.2007.19.9.1488}
}

@article{Block2007,
  author    = {Ned Block},
  title     = {Consciousness, accessibility, and the mesh between psychology and neuroscience},
  journal   = {Behavioral and Brain Sciences},
  year      = {2007},
  volume    = {30},
  number    = {5-6},
  pages     = {481--548},
  note      = {DOI: 10.1017/S0140525X07002786}
}

@article{Super2001,
  author    = {Hans Supèr and H. Spekreijse and Victor A. F. Lamme},
  title     = {Two distinct modes of sensory processing observed in monkey primary visual cortex (V1)},
  journal   = {Nature Neuroscience},
  year      = {2001},
  volume    = {4},
  number    = {3},
  pages     = {304--310},
  note      = {DOI: 10.1038/85170}
}

@article{Koivisto2010,
  author    = {Mikko Koivisto and Antti Revonsuo},
  title     = {Event-related brain potential correlates of visual awareness: a review},
  journal   = {Consciousness and Cognition},
  year      = {2010},
  volume    = {19},
  number    = {2},
  pages     = {372--383},
  note      = {DOI: 10.1016/j.concog.2010.03.006}
}

@article{Montemayor2019,
  author    = {Carlos Montemayor and Harry H. Haladjian},
  title     = {Recurrent processing theory versus global neuronal workspace theory: a comment on 'The relationship between attention and consciousness: an expanded taxonomy and implications for "no-report" paradigms' by Pitts et al.},
  journal   = {Philosophical Transactions of the Royal Society B: Biological Sciences},
  year      = {2019},
  volume    = {374},
  number    = {1766},
  pages     = {20180388},
  note      = {DOI: 10.1098/rstb.2018.0388}
}

@article{Mehta2013,
  author    = {Neil Mehta and George A. Mashour},
  title     = {General and specific consciousness: a first-order representationalist approach},
  journal   = {Frontiers in Psychology},
  year      = {2013},
  volume    = {4},
  pages     = {407},
  note      = {DOI: 10.3389/fpsyg.2013.00407}
}

@article{Larkum2009,
  author = {Larkum, Matthew E. and Nevian, Thomas and Sandler, Maya and Polsky, Alon and Schiller, Jackie},
  title = {Synaptic Integration in Tuft Dendrites of Layer 5 Pyramidal Neurons: A New Unifying Principle},
  journal = {Science},
  year = {2009},
  volume = {325},
  number = {5941},
  pages = {756--760},
  note = {DOI: 10.1126/science.1171958}
}

@article{Larkum2013,
  author = {Larkum, Matthew},
  title = {A Cellular Mechanism for Cortical Associations: An Organizing Principle for the Cerebral Cortex},
  journal = {Trends in Neurosciences},
  year = {2013},
  volume = {36},
  number = {3},
  pages = {141--151},
  note = {DOI: 10.1016/j.tins.2012.11.006}
}

@article{Major2013,
  author = {Major, Guy and Larkum, Matthew E. and Schiller, Jackie},
  title = {Active Properties of Neocortical Pyramidal Neuron Dendrites},
  journal = {Annual Review of Neuroscience},
  year = {2013},
  volume = {36},
  pages = {1--24},
  note = {DOI: 10.1146/annurev-neuro-062111-150343}
}

@article{Phillips2018,
  author = {Phillips, William A. and Bachmann, Talis and Storm, Johan F.},
  title = {Apical Function in Neocortical Pyramidal Cells: A Common Pathway by Which General Anesthetics Can Affect Mental State},
  journal = {Frontiers in Neural Circuits},
  year = {2018},
  volume = {12},
  pages = {50},
  note = {DOI: 10.3389/fncir.2018.00050}
}

@article{Suzuki2020,
  author = {Suzuki, Mototaka and Larkum, Matthew E.},
  title = {General Anesthesia Decouples Cortical Pyramidal Neurons},
  journal = {Cell},
  year = {2020},
  volume = {180},
  number = {4},
  pages = {666--676.e13},
  note = {DOI: 10.1016/j.cell.2020.01.024}
}

@article{Shin2021,
  author = {Shin, Jiyun N. and Doron, Guy and Larkum, Matthew E.},
  title = {Memories off the top of your head},
  journal = {Science},
  year = {2021},
  volume = {374},
  number = {6567},
  pages = {538--539},
  note = {DOI: 10.1126/science.abk1859}
}

@article{Suzuki2021,
  author = {Suzuki, Mototaka and Aru, Jaan and Larkum, Matthew E.},
  title = {Double-$\mu$Periscope: a tool for multi-layer optical recordings, optogenetic stimulations or both},
  journal = {eLife},
  year = {2021},
  volume = {10},
  pages = {e72894},
  note = {DOI: 10.7554/eLife.72894}
}

@article{Aru2019,
  author = {Aru, Jaan and Suzuki, Mototaka and Rutiku, Renate and Larkum, Matthew E. and Bachmann, Talis},
  title = {Coupling the State and Contents of Consciousness},
  journal = {Frontiers in Systems Neuroscience},
  year = {2019},
  volume = {13},
  pages = {43},
  note = {DOI: 10.3389/fnsys.2019.00043}
}

@article{Pinotsis2023Ephaptic,
  title={In vivo ephaptic coupling allows memory network formation},
  author={Pinotsis, Dimitris A. and Miller, Earl K.},
  journal={Cerebral Cortex},
  volume={33},
  number={17},
  pages={9877--9890},
  year={2023},
  publisher={Oxford University Press},
  note={DOI: 10.1093/cercor/bhac123}
}

@article{Pinotsis2023Cytoelectric,
  title={Cytoelectric coupling: Electric fields sculpt neural activity and "tune" the brain's infrastructure},
  author={Pinotsis, Dimitris A. and Fridman, Gene and Miller, Earl K.},
  journal={Progress in Neurobiology},
  volume={226},
  pages={102345},
  year={2023},
  publisher={Elsevier},
  note={DOI: 10.1016/j.pneurobio.2023.102345}
}

@article{Reimann2020Modeling,
  title={Realistic modeling of mesoscopic ephaptic coupling in the human brain},
  author={Reimann, Michael W. and Anastassiou, Costas A. and Perin, Rodrigo and Hill, Sean L. and Markram, Henry and Koch, Christof},
  journal={PLOS Computational Biology},
  volume={16},
  number={6},
  pages={e1007923},
  year={2020},
  publisher={Public Library of Science},
  note={DOI: 10.1371/journal.pcbi.1007923}
}

@article{Cunha2024Ephapticity,
  title={Can ephapticity contribute to brain complexity?},
  author={Cunha, Gabriel Moreno and Corso, Gilberto and de Sousa, Matheus Phellipe Brasil and Lima, Gustavo Zampier dos Santos},
  journal={PLOS ONE},
  volume={19},
  number={12},
  pages={e0310640},
  year={2024},
  publisher={Public Library of Science},
  note={DOI: 10.1371/journal.pone.0310640}
}

@article{Goldwyn2016Neuronal,
  title={Neuronal coupling by endogenous electric fields: Cable theory and applications to coincidence detector neurons in the auditory brainstem},
  author={Goldwyn, Joshua H. and Rinzel, John},
  journal={Journal of Neurophysiology},
  volume={115},
  number={4},
  pages={2033--2051},
  year={2016},
  publisher={American Physiological Society},
  note={DOI: 10.1152/jn.00780.2015}
}