@article{Aserinsky2003,
  author = {Eugene Aserinsky and Nathaniel Kleitman},
  title = {Regularly Occurring Periods of Eye Motility, and Concomitant Phenomena, During Sleep},
  journal = {Journal of Neuropsychiatry},
  year = {2003},
  volume = {15},
  number = {4},
  pages = {454--455},
  note = {DOI: 10.1176/appi.neuropsych.15.4.454}
}

@article{Cirelli2015,
  author = {Chiara Cirelli and Giulio Tononi},
  title = {Sleep and Synaptic Homeostasis: A Perspective},
  journal = {Trends in Neurosciences},
  year = {2015},
  volume = {38},
  number = {12},
  pages = {735--745},
  note = {DOI: 10.1016/j.tins.2015.09.004}
}

@article{DiNuzzo2017,
  author = {Marco DiNuzzo and Maiken Nedergaard},
  title = {Brain Energetics During the Sleep-Wake Cycle},
  journal = {Current Opinion in Neurobiology},
  year = {2017},
  volume = {47},
  pages = {65--72},
  note = {DOI: 10.1016/j.conb.2017.09.011}
}

@article{Frank2013,
  author = {Marcos G. Frank},
  title = {Why I Am Not SHY: A Reply to Tononi and Cirelli},
  journal = {Neural Plasticity},
  year = {2013},
  volume = {2013},
  pages = {394946},
  note = {DOI: 10.1155/2013/394946}
}

@article{Holst2018,
  author = {Stefan C. Holst and Hans P. Landolt},
  title = {Sleep-Wake Neurochemistry},
  journal = {Sleep Medicine Clinics},
  year = {2018},
  volume = {13},
  number = {2},
  pages = {137--146},
  note = {DOI: 10.1016/j.jsmc.2018.02.002}
}

@article{Inoue2012,
  author = {Shigenobu Inoue and Kenji Honda},
  title = {Brain Mechanisms of Sleep and Wakefulness},
  journal = {NIPPON RINSHO Japanese Journal of Clinical Medicine},
  year = {2012},
  volume = {70},
  number = {7},
  pages = {1193--1201}
}

@article{Krueger2016,
  author = {James M. Krueger et al.},
  title = {Sleep Function: Toward Elucidating an Enigma},
  journal = {Sleep Medicine Reviews},
  year = {2016},
  volume = {28},
  pages = {46--54},
  note = {DOI: 10.1016/j.smrv.2015.08.005}
}

@article{Lipton2014,
  author = {Jonathan O. Lipton and Mustafa Sahin},
  title = {The Neurology of mTOR},
  journal = {Neuron},
  year = {2014},
  volume = {84},
  number = {2},
  pages = {275--291},
  note = {DOI: 10.1016/j.neuron.2014.09.034}
}

@article{Mander2017,
  author = {Bryce A. Mander et al.},
  title = {Sleep and Human Aging},
  journal = {Neuron},
  year = {2017},
  volume = {94},
  number = {1},
  pages = {19--36},
  note = {DOI: 10.1016/j.neuron.2017.02.004}
}

@article{Nedergaard2020,
  author = {Maiken Nedergaard and Steven A. Goldman},
  title = {Glymphatic Failure as a Final Common Pathway to Dementia},
  journal = {Science},
  year = {2020},
  volume = {370},
  number = {6512},
  pages = {50--56},
  note = {DOI: 10.1126/science.abb8739}
}

@article{Petit2016,
  author = {Jean-Marc Petit and Pierre J. Magistretti},
  title = {Regulation of Neuron-Astrocyte Metabolic Coupling Across the Sleep-Wake Cycle},
  journal = {Neuroscience},
  year = {2016},
  volume = {323},
  pages = {135--156},
  note = {DOI: 10.1016/j.neuroscience.2015.12.024}
}

@article{Rasch2013,
  author = {Bj√∂rn Rasch and Jan Born},
  title = {About Sleep's Role in Memory},
  journal = {Physiological Reviews},
  year = {2013},
  volume = {93},
  number = {2},
  pages = {681--766},
  note = {DOI: 10.1152/physrev.00032.2012}
}

@article{Saper2017,
  author = {Clifford B. Saper and Patrick M. Fuller},
  title = {Wake-Sleep Circuitry: An Overview},
  journal = {Current Opinion in Neurobiology},
  year = {2017},
  volume = {44},
  pages = {186--192},
  note = {DOI: 10.1016/j.conb.2017.03.018}
}

@article{Scammell2017,
  author = {Thomas E. Scammell et al.},
  title = {Neural Circuitry of Wakefulness and Sleep},
  journal = {Neuron},
  year = {2017},
  volume = {93},
  number = {4},
  pages = {747--765},
  note = {DOI: 10.1016/j.neuron.2017.01.002}
}

@article{Tononi2014,
  author = {Giulio Tononi and Chiara Cirelli},
  title = {Sleep and the Price of Plasticity: From Synaptic and Cellular Homeostasis to Memory Consolidation and Integration},
  journal = {Neuron},
  year = {2014},
  volume = {81},
  number = {1},
  pages = {12--34},
  note = {DOI: 10.1016/j.neuron.2013.12.025}
}

@article{Vyazovskiy2013,
  author = {Vladyslav V. Vyazovskiy and Kenneth D. Harris},
  title = {Sleep and the Single Neuron: The Role of Global Slow Oscillations in Individual Cell Rest},
  journal = {Nature Reviews Neuroscience},
  year = {2013},
  volume = {14},
  number = {6},
  pages = {443--451},
  note = {DOI: 10.1038/nrn3483}
}

@article{Xie2013,
  author = {Lulu Xie et al.},
  title = {Sleep Drives Metabolite Clearance from the Adult Brain},
  journal = {Science},
  year = {2013},
  volume = {342},
  number = {6156},
  pages = {373--377},
  note = {DOI: 10.1126/science.1241224}
}

@article{Zhang2018,
  author = {Shu Jun Zhang and Michael B. Jackson},
  title = {Neuromodulation and Sleep Regulation},
  journal = {Current Opinion in Physiology},
  year = {2018},
  volume = {2},
  pages = {109--115},
  note = {DOI: 10.1016/j.cophys.2018.01.003}
}

@article{Adams2000,
  author = {J. H. Adams and D. I. Graham and B. Jennett},
  title = {The Neuropathology of the Vegetative State After an Acute Brain Insult},
  journal = {Brain},
  year = {2000},
  volume = {123},
  number = {7},
  pages = {1327--1338},
  note = {DOI: 10.1093/brain/123.7.1327}
}

@article{Baars2005,
  author = {B. J. Baars and S. Laureys},
  title = {One, Not Two, Neural Correlates of Consciousness},
  journal = {Trends in Cognitive Sciences},
  year = {2005},
  volume = {9},
  number = {6},
  pages = {269--270},
  note = {DOI: 10.1016/j.tics.2005.04.008}
}

@article{Casali2013,
  author = {A. G. Casali and O. Gosseries and M. Rosanova and M. Boly and S. Sarasso and K. R. Casali and M. Massimini},
  title = {A Theoretically Based Index of Consciousness Independent of Sensory Processing and Behavior},
  journal = {Science Translational Medicine},
  year = {2013},
  volume = {5},
  number = {198},
  pages = {198ra105},
  note = {DOI: 10.1126/scitranslmed.3006294}
}

@article{Dehaene2011,
  author = {Stanislas Dehaene and Jean-Pierre Changeux},
  title = {Experimental and Theoretical Approaches to Conscious Processing},
  journal = {Neuron},
  year = {2011},
  volume = {70},
  number = {2},
  pages = {200--227},
  note = {DOI: 10.1016/j.neuron.2011.03.018}
}

@article{DiPerri2014,
  author = {Camilla Di Perri and Jakob Stender and Steven Laureys and Olivia Gosseries},
  title = {Functional Neuroanatomy of Disorders of Consciousness},
  journal = {Epilepsy \& Behavior},
  year = {2014},
  volume = {30},
  pages = {28--32},
  note = {DOI: 10.1016/j.yebeh.2013.09.014}
}

@article{Giacino2014,
  author = {Joseph T. Giacino and Joseph J. Fins and Steven Laureys and Nicholas D. Schiff},
  title = {Disorders of Consciousness After Acquired Brain Injury: The State of the Science},
  journal = {Nature Reviews Neurology},
  year = {2014},
  volume = {10},
  number = {2},
  pages = {99--114},
  note = {DOI: 10.1038/nrneurol.2013.279}
}

@article{Laureys2004,
  author = {Steven Laureys and Adrian M. Owen and Nicholas D. Schiff},
  title = {Brain Function in Coma, Vegetative State, and Related Disorders},
  journal = {The Lancet Neurology},
  year = {2004},
  volume = {3},
  number = {9},
  pages = {537--546},
  note = {DOI: 10.1016/S1474-4422(04)00852-X}
}

@article{Massimini2005,
  author = {Marcello Massimini and Fabio Ferrarelli and Reto Huber and Steven K. Esser and Harpreet Singh and Giulio Tononi},
  title = {Breakdown of Cortical Effective Connectivity During Sleep},
  journal = {Science},
  year = {2005},
  volume = {309},
  number = {5744},
  pages = {2228--2232},
  note = {DOI: 10.1126/science.1117256}
}

@article{Monti2010,
  author = {Martin M. Monti and Adrian M. Owen and John D. Pickard and David J. Owen and Matthew H. Coleman and Amanda M. Boly and Melanie R. Naci and Steven Laureys and Giulio Tononi},
  title = {Willful Modulation of Brain Activity in Disorders of Consciousness},
  journal = {New England Journal of Medicine},
  year = {2010},
  volume = {362},
  number = {7},
  pages = {579--589},
  note = {DOI: 10.1056/NEJMoa0905370}
}

@article{Owen2006,
  author = {Adrian M. Owen and Martin R. Coleman and Melanie Boly and Matthew H. Davis and Steven Laureys and John D. Pickard},
  title = {Detecting Awareness in the Vegetative State},
  journal = {Science},
  year = {2006},
  volume = {313},
  number = {5792},
  pages = {1402--1402},
  note = {DOI: 10.1126/science.1130197}
}

@article{Schiff2010,
  author = {Nicholas D. Schiff},
  title = {Recovery of Consciousness After Brain Injury: A Mesocircuit Hypothesis},
  journal = {Trends in Neurosciences},
  year = {2010},
  volume = {33},
  number = {1},
  pages = {1--9},
  note = {DOI: 10.1016/j.tins.2009.10.002}
}

@article{Wijdicks2010,
  author = {Eelco F. Wijdicks},
  title = {The Case Against Confirmatory Tests for Determining Brain Death in Adults},
  journal = {Neurology},
  year = {2010},
  volume = {75},
  number = {1},
  pages = {77--83},
  note = {DOI: 10.1212/WNL.0b013e3181e62123}
}

@book{Young1998,
  author = {G. Bryan Young and Allan H. Ropper and Charles F. Bolton},
  title = {Coma and Impaired Consciousness: A Clinical Perspective},
  publisher = {McGraw-Hill Professional},
  year = {1998},
  note = {ISBN: 9780070723712}
}

@article{Koch2016,
  author = {Koch, Christof and Massimini, Marcello and Boly, Melanie and Tononi, Giulio},
  title = {Neural correlates of consciousness: progress and problems},
  journal = {Nature Reviews Neuroscience},
  volume = {17},
  number = {5},
  pages = {307--321},
  year = {2016},
  note = {DOI: 10.1038/nrn.2016.22}
}

@article{LeVanQuyen2002,
  author = {Le Van Quyen, Michel and Petitmengin, Claire},
  title = {Neuronal dynamics and conscious experience: An example of reciprocal causation before epileptic seizures},
  journal = {Phenomenology and the Cognitive Sciences},
  volume = {1},
  number = {2},
  pages = {169--180},
  year = {2002},
  note = {DOI: 10.1023/A:1020364003336}
}

@article{LeVanQuyen2007,
  author = {Petitmengin, Claire and Navarro, Vincent and Le Van Quyen, Michel},
  title = {Anticipating seizure: Pre-reflective experience at the center of neuro-phenomenology},
  journal = {Consciousness and Cognition},
  volume = {16},
  number = {3},
  pages = {746--764},
  year = {2007},
  note = {DOI: 10.1016/j.concog.2007.05.006}
}

@article{Bartolomei2009,
  author = {Arthuis, Marie and Valton, Luc and R{\'e}gis, Jean and Chauvel, Patrick and Wendling, Fabrice and Naccache, Lionel and Bernard, Christophe and Bartolomei, Fabrice},
  title = {Impaired consciousness during temporal lobe seizures is related to increased long-distance cortical‚Äìsubcortical synchronization},
  journal = {Brain},
  volume = {132},
  number = {8},
  pages = {2091--2101},
  year = {2009},
  note = {DOI: 10.1093/brain/awp086}
}

@article{Allen2016,
  author = {Markus Allen and Francesco Fardo and Matthew J. Dietz and Henning Hillebrandt and Karl J. Friston and Geraint Rees and Andreas Roepstorff},
  title = {Anterior Insula Coordinates Hierarchical Processing of Tactile Mismatch Responses},
  journal = {NeuroImage},
  year = {2016},
  volume = {127},
  pages = {34--43},
  note = {DOI: 10.1016/j.neuroimage.2015.11.030}
}

@article{Balleine2010,
  author = {Bernard W. Balleine and John P. O'Doherty},
  title = {Human and Rodent Homologies in Action Control: Corticostriatal Determinants of Goal-Directed and Habitual Action},
  journal = {Neuropsychopharmacology},
  year = {2010},
  volume = {35},
  number = {1},
  pages = {48--69},
  note = {DOI: 10.1038/npp.2009.131}
}

@article{Buckner2008,
  author = {Randy L. Buckner and Jessica R. Andrews-Hanna and Daniel L. Schacter},
  title = {The Brain's Default Network: Anatomy, Function, and Relevance to Disease},
  journal = {Annals of the New York Academy of Sciences},
  year = {2008},
  volume = {1124},
  pages = {1--38},
  note = {DOI: 10.1196/annals.1440.011}
}

@article{Dehaene2006,
  author = {Stanislas Dehaene and Jean-Pierre Changeux and Lionel Naccache and Jerome Sackur and Claire Sergent},
  title = {Conscious, Preconscious, and Subliminal Processing: A Testable Taxonomy},
  journal = {Trends in Cognitive Sciences},
  year = {2006},
  volume = {10},
  number = {5},
  pages = {204--211},
  note = {DOI: 10.1016/j.tics.2006.03.007}
}

@article{Fox2005,
  author = {Michael D. Fox and Abraham Z. Snyder and Jason L. Vincent and Maurizio Corbetta and David C. Van Essen and Marcus E. Raichle},
  title = {The Human Brain is Intrinsically Organized into Dynamic, Anticorrelated Functional Networks},
  journal = {PNAS},
  year = {2005},
  volume = {102},
  number = {27},
  pages = {9673--9678},
  note = {DOI: 10.1073/pnas.0504136102}
}

@article{Herculano-Houzel2010,
  author = {Suzana Herculano-Houzel},
  title = {Coordinated Scaling of Cortical and Cerebellar Numbers of Neurons},
  journal = {Frontiers in Neuroanatomy},
  year = {2010},
  volume = {4},
  pages = {12},
  note = {DOI: 10.3389/neuro.05.012.2010}
}

@article{Ito2008,
  author = {Masao Ito},
  title = {Control of Mental Activities by Internal Models in the Cerebellum},
  journal = {Nature Reviews Neuroscience},
  year = {2008},
  volume = {9},
  number = {4},
  pages = {304--313},
  note = {DOI: 10.1038/nrn2332}
}

@article{Lou2004,
  author = {Hans C. Lou et al.},
  title = {Parietal Cortex and Representation of the Mental Self},
  journal = {PNAS},
  year = {2004},
  volume = {101},
  number = {17},
  pages = {6827--6832},
  note = {DOI: 10.1073/pnas.0400049101}
}

@article{Parvizi2001,
  author = {Josef Parvizi and Antonio Damasio},
  title = {Consciousness and the Brainstem},
  journal = {Cognition},
  year = {2001},
  volume = {79},
  number = {1-2},
  pages = {135--160},
  note = {DOI: 10.1016/S0010-0277(00)00127-X}
}

@article{Schmahmann2019,
  author = {Jeremy D. Schmahmann},
  title = {The Cerebellum and Cognition},
  journal = {Neuroscience Letters},
  year = {2019},
  volume = {688},
  pages = {62--75},
  note = {DOI: 10.1016/j.neulet.2018.07.005}
}

@article{Shulman1997,
  author = {Gordon L. Shulman et al.},
  title = {Common Blood Flow Changes Across Visual Tasks: II. Decreases in Cerebral Cortex},
  journal = {Journal of Cognitive Neuroscience},
  year = {1997},
  volume = {9},
  number = {5},
  pages = {648--663},
  note = {DOI: 10.1162/jocn.1997.9.5.648}
}

@article{Tononi2016,
  author = {Giulio Tononi and Melanie Boly and Marcello Massimini and Christof Koch},
  title = {Integrated Information Theory: From Consciousness to Its Physical Substrate},
  journal = {Nature Reviews Neuroscience},
  year = {2016},
  volume = {17},
  number = {7},
  pages = {450--461},
  note = {DOI: 10.1038/nrn.2016.44}
}

@article{Vogt2005,
  author = {Brent A. Vogt and Steven Laureys},
  title = {Posterior Cingulate, Precuneal and Retrosplenial Cortices: Cytology and Components of the Neural Network Correlates of Consciousness},
  journal = {Progress in Brain Research},
  year = {2005},
  volume = {150},
  pages = {205--217},
  note = {DOI: 10.1016/S0079-6123(05)50015-3}
}

@article{Yu2015,
  author = {Fang Yu et al.},
  title = {A New Case of Complete Primary Cerebellar Agenesis: Clinical and Imaging Findings in a Living Patient},
  journal = {Brain},
  year = {2015},
  volume = {138},
  number = {6},
  pages = {e353},
  note = {DOI: 10.1093/brain/awv121}
}

@article{Alkire2008,
  author = {Michael T. Alkire and Anthony G. Hudetz and Giulio Tononi},
  title = {Consciousness and Anesthesia},
  journal = {Science},
  year = {2008},
  volume = {322},
  number = {5903},
  pages = {876--880},
  note = {DOI: 10.1126/science.1149213}
}

@article{Brown2010,
  author = {Emery N. Brown and Ralph Lydic and Nicholas D. Schiff},
  title = {General Anesthesia, Sleep, and Coma},
  journal = {New England Journal of Medicine},
  year = {2010},
  volume = {363},
  number = {27},
  pages = {2638--2650},
  note = {DOI: 10.1056/NEJMra0808281}
}

@article{Franks2008,
  author = {Nicholas P. Franks},
  title = {General Anaesthesia: From Molecular Targets to Neuronal Pathways of Sleep and Arousal},
  journal = {Nature Reviews Neuroscience},
  year = {2008},
  volume = {9},
  number = {5},
  pages = {370--386},
  note = {DOI: 10.1038/nrn2372}
}

@article{Hameroff2014,
  author = {Stuart Hameroff and Roger Penrose},
  title = {Consciousness in the Universe: A Review of the 'Orch OR' Theory},
  journal = {Physics of Life Reviews},
  year = {2014},
  volume = {11},
  number = {1},
  pages = {39--78},
  note = {DOI: 10.1016/j.plrev.2013.08.002}
}

@article{Hudson2014,
  author = {Alexander E. Hudson and D. P. Calderon and Donald W. Pfaff and Alex Proekt},
  title = {Recovery of Consciousness is Mediated by a Network of Discrete Metastable Activity States},
  journal = {PNAS},
  year = {2014},
  volume = {111},
  number = {25},
  pages = {9283--9288},
  note = {DOI: 10.1073/pnas.1408296111}
}

@article{John2005,
  author = {Edgar R. John and Leslie S. Prichep},
  title = {The Anesthetic Cascade: A Theory of How Anesthesia Suppresses Consciousness},
  journal = {Anesthesiology},
  year = {2005},
  volume = {102},
  number = {2},
  pages = {447--471},
  note = {DOI: 10.1097/00000542-200502000-00025}
}

@article{Lee2013,
  author = {UnCheol Lee et al.},
  title = {Disruption of Frontal-Parietal Communication by Ketamine, Propofol, and Sevoflurane},
  journal = {Anesthesiology},
  year = {2013},
  volume = {118},
  number = {6},
  pages = {1264--1275},
  note = {DOI: 10.1097/ALN.0b013e31829103f5}
}

@article{Lewis2012,
  author = {Lauren D. Lewis et al.},
  title = {Rapid Fragmentation of Neuronal Networks at the Onset of Propofol-Induced Unconsciousness},
  journal = {PNAS},
  year = {2012},
  volume = {109},
  number = {49},
  pages = {E3377--E3386},
  note = {DOI: 10.1073/pnas.1210907109}
}

@article{Mashour2017,
  author = {George A. Mashour and Anthony G. Hudetz},
  title = {Bottom-Up and Top-Down Mechanisms of General Anesthetics Modulate Different Dimensions of Consciousness},
  journal = {Frontiers in Neural Circuits},
  year = {2017},
  volume = {11},
  pages = {44},
  note = {DOI: 10.3389/fncir.2017.00044}
}

@article{Purdon2013,
  author = {Patrick L. Purdon et al.},
  title = {Electroencephalogram Signatures of Loss and Recovery of Consciousness from Propofol},
  journal = {PNAS},
  year = {2013},
  volume = {110},
  number = {12},
  pages = {E1142--E1151},
  note = {DOI: 10.1073/pnas.1221180110}
}

@article{Sanders2012,
  author = {Robert D. Sanders and Giulio Tononi and Steven Laureys and Jeffrey W. Sleigh},
  title = {Unresponsiveness {$\neq$} Unconsciousness},
  journal = {Anesthesiology},
  year = {2012},
  volume = {116},
  number = {4},
  pages = {946--959},
  note = {DOI: 10.1097/ALN.0b013e318249d0a7}
}

@article{Steriade2003,
  author = {Mircea Steriade and Igor Timofeev},
  title = {Neuronal Plasticity in Thalamocortical Networks During Sleep and Waking Oscillations},
  journal = {Neuron},
  year = {2003},
  volume = {37},
  number = {4},
  pages = {563--576},
  note = {DOI: 10.1016/S0896-6273(03)00065-5}
}

@article{Tonner2017,
  author = {Peter H. Tonner and Keith W. Miller},
  title = {Molecular Sites of General Anaesthetic Action on Acetylcholine Receptors},
  journal = {European Journal of Anaesthesiology},
  year = {2017},
  volume = {34},
  number = {6},
  pages = {315--320},
  note = {DOI: 10.1097/EJA.0000000000000602}
}

@article{Uhrig2018,
  author = {Lionel Uhrig et al.},
  title = {Resting-State Dynamics as a Cortical Signature of Anesthesia in Monkeys},
  journal = {Anesthesiology},
  year = {2018},
  volume = {129},
  number = {5},
  pages = {942--958},
  note = {DOI: 10.1097/ALN.0000000000002372}
}

@article{CarhartHarris2019,
  author = {Robin L. Carhart-Harris and Karl J. Friston},
  title = {REBUS and the Anarchic Brain: Toward a Unified Model of the Brain Action of Psychedelics},
  journal = {Pharmacological Reviews},
  year = {2019},
  volume = {71},
  number = {3},
  pages = {316--344},
  note = {DOI: 10.1124/pr.118.017160}
}

@article{Dittrich2010,
  author = {Adrian Dittrich and David Lamparter and Manfred Maurer},
  title = {On the Assessment of Altered States of Consciousness: The 5D-ASC Questionnaire},
  journal = {SAGE Open},
  year = {2010},
  volume = {2},
  number = {1},
  pages = {1--12},
  note = {DOI: 10.1177/2158244013490310}
}

@book{Eliade1964,
  author = {Mircea Eliade},
  title = {Shamanism: Archaic Techniques of Ecstasy},
  publisher = {Princeton University Press},
  year = {1964},
  note = {ISBN: 9780691119427}
}

@book{Farthing1992,
  author = {G. William Farthing},
  title = {The Psychology of Consciousness},
  publisher = {Prentice Hall},
  year = {1992},
  note = {ISBN: 9780137328330}
}

@book{Grof2019,
  author = {Stanislav Grof},
  title = {The Way of the Psychonaut: Encyclopedia for Inner Journeys},
  volume = {1},
  publisher = {MAPS},
  year = {2019},
  note = {ISBN: 9780998276529}
}

@incollection{Hobson2007,
  author = {J. Allan Hobson},
  title = {Normal and Abnormal States of Consciousness},
  booktitle = {The Blackwell Companion to Consciousness},
  editor = {Max Velmans and Susan Schneider},
  pages = {101--113},
  publisher = {Blackwell Publishing},
  year = {2007},
  note = {ISBN: 9780470751459}
}

@article{Ludwig1966,
  author = {Arnold M. Ludwig},
  title = {Altered States of Consciousness},
  journal = {Archives of General Psychiatry},
  year = {1966},
  volume = {15},
  number = {3},
  pages = {225--234},
  note = {DOI: 10.1001/archpsyc.1966.01730150001001}
}

@book{Metzner2005,
  author = {Ralph Metzner},
  title = {Sacred Vine of Spirits: Ayahuasca},
  publisher = {Park Street Press},
  year = {2005},
  note = {ISBN: 9780892811315}
}

@article{Nichols2016,
  author = {David E. Nichols},
  title = {Psychedelics},
  journal = {Pharmacological Reviews},
  year = {2016},
  volume = {68},
  number = {2},
  pages = {264--355},
  note = {DOI: 10.1124/pr.115.011478}
}

@article{Preller2018,
  author = {Katrin H. Preller and Franz X. Vollenweider},
  title = {Phenomenology, Structure, and Dynamic of Psychedelic States},
  journal = {Current Topics in Behavioral Neurosciences},
  year = {2018},
  volume = {36},
  pages = {221--256},
  note = {DOI: 10.1007/7854\_2017\_474}
}

@article{Tart1972,
  author = {Charles T. Tart},
  title = {States of Consciousness and State-Specific Sciences},
  journal = {Science},
  year = {1972},
  volume = {176},
  number = {4040},
  pages = {1203--1210},
  note = {DOI: 10.1126/science.176.4040.1203}
}

@article{Vaitl2005,
  author = {Dietrich Vaitl et al.},
  title = {Psychobiology of Altered States of Consciousness},
  journal = {Psychological Bulletin},
  year = {2005},
  volume = {131},
  number = {1},
  pages = {98--127},
  note = {DOI: 10.1037/0033-2909.131.1.98}
}

@article{Vollenweider2020,
  author = {Franz X. Vollenweider and Katrin H. Preller},
  title = {Psychedelic Drugs: Neurobiology and Potential for Treatment of Psychiatric Disorders},
  journal = {Nature Reviews Neuroscience},
  year = {2020},
  volume = {21},
  number = {11},
  pages = {611--624},
  note = {DOI: 10.1038/s41583-020-0367-2}
}

@book{Winkelman2010,
  author = {Michael Winkelman},
  title = {Shamanism: A Biopsychosocial Paradigm of Consciousness and Healing},
  publisher = {ABC-CLIO},
  year = {2010},
  note = {ISBN: 9780313381813}
}

@incollection{Wulff2014,
  author = {David M. Wulff},
  title = {Mystical Experience},
  booktitle = {Varieties of Anomalous Experience: Examining the Scientific Evidence},
  editor = {Etzel Cardena and Steven Jay Lynn and Stanley Krippner},
  pages = {397--440},
  publisher = {American Psychological Association},
  year = {2014},
  note = {ISBN: 9781433815294}
}

@book{Zinberg1984,
  author = {Norman E. Zinberg},
  title = {Drug, Set, and Setting: The Basis for Controlled Intoxicant Use},
  publisher = {Yale University Press},
  year = {1984},
  note = {ISBN: 9780300036347}
}

@book{Becker2004,
  author    = {Judith Becker},
  title     = {Deep Listeners: Music, Emotion, and Trancing},
  publisher = {Indiana University Press},
  year      = {2004},
  note      = {ISBN: 9780253217036}
}

@book{Bourguignon1973,
  author    = {Erika Bourguignon},
  title     = {Religion, Altered States of Consciousness, and Social Change},
  publisher = {Ohio State University Press},
  year      = {1973},
  note      = {ISBN: 9780814201671}
}

@book{Crapanzano1973,
  author    = {Vincent Crapanzano},
  title     = {The Hamadsha: A Study in Moroccan Ethnopsychiatry},
  publisher = {University of California Press},
  year      = {1973},
  note      = {ISBN: 9780520020891}
}

@book{DeHeusch1981,
  author    = {Luc De Heusch},
  title     = {Why Marry Her? Society and Symbolic Structures},
  publisher = {Cambridge University Press},
  year      = {1981},
  note      = {ISBN: 9780521234235}
}

@article{Fachner2004,
  author    = {J{\"o}rg Fachner and Sabine Rittner},
  title     = {Sound and Trance in a Ritualistic Setting Visualised with EEG Brainmapping},
  journal   = {Music Therapy Today},
  year      = {2004},
  volume    = {5},
  number    = {2},
  pages     = {1--32}
}

@book{Goodman1988,
  author    = {Felicia D. Goodman},
  title     = {Ecstasy, Ritual and Alternate Reality: Religion in a Pluralistic World},
  publisher = {Indiana University Press},
  year      = {1988},
  note      = {ISBN: 9780253204692}
}

@article{Hageman2011,
  author    = {J. J. Hageman and Stanley Krippner and Ian Wickramasekera},
  title     = {Across Cultural Boundaries: Psychophysiological Responses, Absorption, and Trance States in Shamanic Journeying Versus Meditation},
  journal   = {Journal of Transpersonal Research},
  year      = {2011},
  volume    = {3},
  number    = {2},
  pages     = {15--36}
}

@book{Houseman1998,
  author    = {Michael Houseman and Carlo Severi},
  title     = {Naven or the Other Self: A Relational Approach to Ritual Action},
  publisher = {Brill},
  year      = {1998},
  note      = {ISBN: 9789004109470}
}

@book{Jilek1982,
  author    = {Wolfgang G. Jilek},
  title     = {Indian Healing: Shamanic Ceremonialism in the Pacific Northwest Today},
  publisher = {Hancock House Publishers},
  year      = {1982},
  note      = {ISBN: 9780888391261}
}

@book{Lapassade1990,
  author    = {Georges Lapassade},
  title     = {La Transe},
  publisher = {Presses Universitaires de France},
  year      = {1990},
  note      = {ISBN: 9782130435541}
}

@book{Lewis2003,
  author    = {I. M. Lewis},
  title     = {Ecstatic Religion: A Study of Shamanism and Spirit Possession},
  publisher = {Routledge},
  year      = {2003},
  note      = {ISBN: 9780415301246}
}

@book{Rouget1985,
  author    = {Gilbert Rouget},
  title     = {Music and Trance: A Theory of the Relations Between Music and Possession},
  publisher = {University of Chicago Press},
  year      = {1985},
  note      = {ISBN: 9780226730054}
}

@book{Turner1992,
  author    = {Edith Turner},
  title     = {Experiencing Ritual: A New Interpretation of African Healing},
  publisher = {University of Pennsylvania Press},
  year      = {1992},
  note      = {ISBN: 9780812213966}
}

@incollection{VanDerWalde1968,
  author    = {P. Y. Van der Walde},
  title     = {Trance States and Ego Psychology},
  booktitle = {Trance and Possession States},
  editor    = {Raymond Prince},
  pages     = {57--68},
  publisher = {R. M. Bucke Memorial Society},
  year      = {1968}
}

@book{Wier2009,
  author    = {Dennis Wier},
  title     = {Trance: From Magic to Technology},
  publisher = {Trans Media},
  year      = {2009},
  note      = {ISBN: 9780972471962}
}

@article{Barnett2008,
  author    = {K. J. Barnett and F. N. Newell},
  title     = {Synaesthesia is Associated with Enhanced, Self-Rated Visual Imagery},
  journal   = {Consciousness and Cognition},
  year      = {2008},
  volume    = {17},
  number    = {3},
  pages     = {1032--1039},
  note      = {DOI: 10.1016/j.concog.2007.05.011}
}

@book{Cytowic2009,
  author    = {Richard E. Cytowic and David M. Eagleman},
  title     = {Wednesday is Indigo Blue: Discovering the Brain of Synesthesia},
  publisher = {MIT Press},
  year      = {2009},
  note      = {ISBN: 9780262012792}
}

@article{Dixon2004,
  author    = {Michael J. Dixon and Deborah Smilek and Philip M. Merikle},
  title     = {Not All Synaesthetes Are Created Equal: Projector Versus Associator Synaesthetes},
  journal   = {Cognitive, Affective, \& Behavioral Neuroscience},
  year      = {2004},
  volume    = {4},
  number    = {3},
  pages     = {335--343},
  note      = {DOI: 10.3758/CABN.4.3.335}
}

@article{Eagleman2009,
  author    = {David M. Eagleman and Melvyn A. Goodale},
  title     = {Why Color Synesthesia Involves More Than Color},
  journal   = {Trends in Cognitive Sciences},
  year      = {2009},
  volume    = {13},
  number    = {7},
  pages     = {288--292},
  note      = {DOI: 10.1016/j.tics.2009.03.009}
}

@article{Grossenbacher2001,
  author    = {Peter G. Grossenbacher and Christopher T. Lovelace},
  title     = {Mechanisms of Synesthesia: Cognitive and Physiological Constraints},
  journal   = {Trends in Cognitive Sciences},
  year      = {2001},
  volume    = {5},
  number    = {1},
  pages     = {36--41},
  note      = {DOI: 10.1016/S1364-6613(00)01571-0}
}

@article{Hubbard2005,
  author    = {Edward M. Hubbard and V. S. Ramachandran},
  title     = {Neurocognitive Mechanisms of Synesthesia},
  journal   = {Neuron},
  year      = {2005},
  volume    = {48},
  number    = {3},
  pages     = {509--520},
  note      = {DOI: 10.1016/j.neuron.2005.10.012}
}

@article{Kadosh2007,
  author    = {Roi Cohen Kadosh and Avishai Henik},
  title     = {Can Synaesthesia Research Inform Cognitive Science?},
  journal   = {Trends in Cognitive Sciences},
  year      = {2007},
  volume    = {11},
  number    = {4},
  pages     = {177--184},
  note      = {DOI: 10.1016/j.tics.2007.01.003}
}

@article{Mattingley2001,
  author    = {Jason B. Mattingley and Anina N. Rich and Grace Yelland and John L. Bradshaw},
  title     = {Unconscious Priming Eliminates Automatic Binding of Colour and Alphanumeric Form in Synaesthesia},
  journal   = {Nature},
  year      = {2001},
  volume    = {410},
  number    = {6828},
  pages     = {580--582},
  note      = {DOI: 10.1038/35069062}
}

@article{Nunn2002,
  author    = {John A. Nunn et al.},
  title     = {Functional Magnetic Resonance Imaging of Synesthesia: Activation of V4/V8 by Spoken Words},
  journal   = {Nature Neuroscience},
  year      = {2002},
  volume    = {5},
  number    = {4},
  pages     = {371--375},
  note      = {DOI: 10.1038/nn818}
}

@article{Ramachandran2001,
  author    = {V. S. Ramachandran and Edward M. Hubbard},
  title     = {Synaesthesia: A Window into Perception, Thought and Language},
  journal   = {Journal of Consciousness Studies},
  year      = {2001},
  volume    = {8},
  number    = {12},
  pages     = {3--34}
}

@article{Rouw2007,
  author    = {Roos Rouw and H. Steven Scholte},
  title     = {Increased Structural Connectivity in Grapheme-Color Synesthesia},
  journal   = {Nature Neuroscience},
  year      = {2007},
  volume    = {10},
  number    = {6},
  pages     = {792--797},
  note      = {DOI: 10.1038/nn1906}
}

@article{Simner2012,
  author    = {Julia Simner},
  title     = {Defining Synaesthesia},
  journal   = {British Journal of Psychology},
  year      = {2012},
  volume    = {103},
  number    = {1},
  pages     = {1--15},
  note      = {DOI: 10.1111/j.2044-8295.2011.02071.x}
}

@article{Ward2013,
  author    = {Jamie Ward},
  title     = {Synesthesia},
  journal   = {Annual Review of Psychology},
  year      = {2013},
  volume    = {64},
  pages     = {49--75},
  note      = {DOI: 10.1146/annurev-psych-113011-143840}
}

@article{Watson2012,
  author    = {Margaret R. Watson and Karina A. Akins and James T. Enns},
  title     = {Second-Order Mappings in Grapheme‚ÄìColor Synesthesia},
  journal   = {Psychonomic Bulletin \& Review},
  year      = {2012},
  volume    = {19},
  number    = {2},
  pages     = {211--217},
  note      = {DOI: 10.3758/s13423-011-0194-6}
}

@book{Bayne2011,
  author    = {Tim Bayne and Michelle Montague},
  title     = {Cognitive Phenomenology},
  publisher = {Oxford University Press},
  year      = {2011},
  note      = {ISBN: 9780199579938}
}

@book{Chalmers1996,
  author    = {David J. Chalmers},
  title     = {The Conscious Mind: In Search of a Fundamental Theory},
  publisher = {Oxford University Press},
  year      = {1996},
  note      = {ISBN: 9780195117899}
}

@book{Clark2016,
  author    = {Andy Clark},
  title     = {Surfing Uncertainty: Prediction, Action, and the Embodied Mind},
  publisher = {Oxford University Press},
  year      = {2016},
  note      = {ISBN: 9780190217013}
}

@book{Damasio2000,
  author    = {Antonio R. Damasio},
  title     = {The Feeling of What Happens: Body and Emotion in the Making of Consciousness},
  publisher = {Harvest Books},
  year      = {2000},
  note      = {ISBN: 9780156010757}
}

@book{Gallagher2012,
  author    = {Shaun Gallagher and Dan Zahavi},
  title     = {The Phenomenological Mind},
  edition   = {2nd},
  publisher = {Routledge},
  year      = {2012},
  note      = {ISBN: 9780415610360}
}

@book{Hohwy2013,
  author    = {Jakob Hohwy},
  title     = {The Predictive Mind},
  publisher = {Oxford University Press},
  year      = {2013},
  note      = {ISBN: 9780199682737}
}

@book{MerleauPonty2012,
  author    = {Maurice Merleau-Ponty},
  title     = {Phenomenology of Perception},
  edition   = {Translated by Donald A. Landes},
  publisher = {Routledge},
  year      = {2012},
  note      = {Original work published 1945; ISBN: 9780415558693}
}

@article{Nagel1974,
  author    = {Thomas Nagel},
  title     = {What is it Like to Be a Bat?},
  journal   = {The Philosophical Review},
  year      = {1974},
  volume    = {83},
  number    = {4},
  pages     = {435--450},
  note      = {DOI: 10.2307/2183914}
}

@book{Noe2004,
  author    = {Alva No√´},
  title     = {Action in Perception},
  publisher = {MIT Press},
  year      = {2004},
  note      = {ISBN: 9780262140886}
}

@article{Searle2000,
  author    = {John R. Searle},
  title     = {Consciousness},
  journal   = {Annual Review of Neuroscience},
  year      = {2000},
  volume    = {23},
  number    = {1},
  pages     = {557--578},
  note      = {DOI: 10.1146/annurev.neuro.23.1.557}
}

@article{kahneman2011thinking,
  title={Thinking, fast and slow},
  author={Kahneman, Daniel},
  journal={Farrar, Straus and Giroux},
  year={2011}
}

@article{Tononi2015,
  author    = {Giulio Tononi and Christof Koch},
  title     = {Consciousness: Here, There and Everywhere?},
  journal   = {Philosophical Transactions of the Royal Society B: Biological Sciences},
  year      = {2015},
  volume    = {370},
  number    = {1668},
  pages     = {20140167},
  note      = {DOI: 10.1098/rstb.2014.0167}
}

@book{Zahavi2005,
  author    = {Dan Zahavi},
  title     = {Subjectivity and Selfhood: Investigating the First-Person Perspective},
  publisher = {MIT Press},
  year      = {2005},
  note      = {ISBN: 9780262240517}
}

@article{Barandiaran2009,
  author = {Xabier E. Barandiar√°n and Ezequiel Di Paolo and Michael Rohde},
  title = {Defining Agency: Individuality, Normativity, Asymmetry, and Spatio-Temporality in Action},
  journal = {Adaptive Behavior},
  year = {2009},
  volume = {17},
  number = {5},
  pages = {367--386},
  note = {DOI: 10.1177/1059712309343819}
}

@book{Clark2003,
  author = {Andy Clark},
  title = {Natural-Born Cyborgs: Minds, Technologies, and the Future of Human Intelligence},
  publisher = {Oxford University Press},
  year = {2003},
  note = {ISBN: 978-0195148662}
}

@book{Deacon2011,
  author = {Terrence W. Deacon},
  title = {Incomplete Nature: How Mind Emerged from Matter},
  publisher = {W.W. Norton \& Company},
  year = {2011},
  note = {ISBN: 978-0393049916}
}

@book{Dennett2003,
  author = {Daniel C. Dennett},
  title = {Freedom Evolves},
  publisher = {Viking Press},
  year = {2003},
  note = {ISBN: 978-0670031863}
}

@book{Ellis2016,
  author = {George F. R. Ellis},
  title = {How Can Physics Underlie the Mind? Top-Down Causation in the Human Context},
  publisher = {Springer},
  year = {2016},
  note = {ISBN: 978-3642322630}
}

@article{Frankfurt1971,
  author = {Harry G. Frankfurt},
  title = {Freedom of the Will and the Concept of a Person},
  journal = {The Journal of Philosophy},
  year = {1971},
  volume = {68},
  number = {1},
  pages = {5--20},
  note = {DOI: 10.2307/2024717}
}

@book{Juarrero1999,
  author = {Alicia Juarrero},
  title = {Dynamics in Action: Intentional Behavior as a Complex System},
  publisher = {MIT Press},
  year = {1999},
  note = {ISBN: 978-0262600472}
}

@book{Kane1996,
  author = {Robert Kane},
  title = {The Significance of Free Will},
  publisher = {Oxford University Press},
  year = {1996},
  note = {ISBN: 978-0195126561}
}

@book{Kauffman2000,
  author = {Stuart A. Kauffman},
  title = {Investigations},
  publisher = {Oxford University Press},
  year = {2000},
  note = {ISBN: 978-0195121054}
}

@book{Kelso1995,
  author = {J. A. Scott Kelso},
  title = {Dynamic Patterns: The Self-Organization of Brain and Behavior},
  publisher = {MIT Press},
  year = {1995},
  note = {ISBN: 978-0262611317}
}

@book{Mele2009,
  author = {Alfred R. Mele},
  title = {Effective Intentions: The Power of Conscious Will},
  publisher = {Oxford University Press},
  year = {2009},
  note = {ISBN: 978-0195384268}
}

@book{Noe2009,
  author = {Alva No√´},
  title = {Out of Our Heads: Why You Are Not Your Brain, and Other Lessons from the Biology of Consciousness},
  publisher = {Hill and Wang},
  year = {2009},
  note = {ISBN: 978-0809016488}
}

@book{OConnor2000,
  author = {Timothy O'Connor},
  title = {Persons and Causes: The Metaphysics of Free Will},
  publisher = {Oxford University Press},
  year = {2000},
  note = {ISBN: 978-0195132371}
}

@book{Thompson2007,
  author = {Evan Thompson},
  title = {Mind in Life: Biology, Phenomenology, and the Sciences of Mind},
  publisher = {Harvard University Press},
  year = {2007},
  note = {ISBN: 978-0674057517}
}

@book{Walter2001,
  author = {Henrik Walter},
  title = {Neurophilosophy of Free Will: From Libertarian Illusions to a Concept of Natural Autonomy},
  publisher = {MIT Press},
  year = {2001},
  note = {ISBN: 978-0262232185}
}

@book{Clark2001,
  author    = {Andy Clark},
  title     = {Mindware: An Introduction to the Philosophy of Cognitive Science},
  publisher = {Oxford University Press},
  year      = {2001},
  note      = {ISBN: 978-0195138573}
}

@book{Taylor1985,
  author    = {Charles Taylor},
  title     = {Philosophical Papers: Volume 1, Human Agency and Language},
  publisher = {Cambridge University Press},
  year      = {1985},
  note      = {ISBN: 978-0521317504}
}

@article{Bandura2001,
  author    = {Albert Bandura},
  title     = {Social Cognitive Theory: An Agentic Perspective},
  journal   = {Annual Review of Psychology},
  volume    = {52},
  pages     = {1--26},
  year      = {2001},
  note       = {DOI: 10.1146/annurev.psych.52.1.1}
}

@article{Bessero2014,
  author    = {Anthony C. Bessero and Gordon T. Plant},
  title     = {Should 'Visual Snow' and Persistence of After-Images Be Recognised as a New Visual Syndrome?},
  journal   = {Journal of Neurology, Neurosurgery \& Psychiatry},
  year      = {2014},
  volume    = {85},
  number    = {9},
  pages     = {1057--1058},
  note      = {DOI: 10.1136/jnnp-2014-307694}
}

@article{Clark2013,
  author    = {Andy Clark},
  title     = {Whatever Next? Predictive Brains, Situated Agents, and the Future of Cognitive Science},
  journal   = {Behavioral and Brain Sciences},
  year      = {2013},
  volume    = {36},
  number    = {3},
  pages     = {181--204},
  note      = {DOI: 10.1017/S0140525X12000477}
}

@article{Friston2009,
  author    = {Karl Friston and Stefan Kiebel},
  title     = {Predictive Coding Under the Free-Energy Principle},
  journal   = {Philosophical Transactions of the Royal Society B: Biological Sciences},
  year      = {2009},
  volume    = {364},
  number    = {1521},
  pages     = {1211--1221},
  note      = {DOI: 10.1098/rstb.2008.0300}
}

@article{Lauschke2016,
  author    = {Jan L. Lauschke and Gordon T. Plant and Christopher L. Fraser},
  title     = {Visual Snow: A Thalamocortical Dysrhythmia of the Visual Pathway?},
  journal   = {Journal of Clinical Neuroscience},
  year      = {2016},
  volume    = {28},
  pages     = {123--127},
  note      = {DOI: 10.1016/j.jocn.2015.12.008}
}

@book{Metzinger2003,
  author    = {Thomas Metzinger},
  title     = {Being No One: The Self-Model Theory of Subjectivity},
  publisher = {MIT Press},
  year      = {2003},
  note      = {ISBN: 9780262135095}
}

@article{ORegan2001,
  author    = {J. Kevin O'Regan and Alva No√´},
  title     = {A Sensorimotor Account of Vision and Visual Consciousness},
  journal   = {Behavioral and Brain Sciences},
  year      = {2001},
  volume    = {24},
  number    = {5},
  pages     = {939--973},
  note      = {DOI: 10.1017/S0140525X01000115}
}

@article{Puledda2020,
  author    = {Francesca Puledda and Christoph Schankin and Peter J. Goadsby},
  title     = {Visual Snow Syndrome: A Clinical and Phenotypical Description of 1,100 Cases},
  journal   = {Neurology},
  year      = {2020},
  volume    = {94},
  number    = {6},
  pages     = {e564--e574},
  note      = {DOI: 10.1212/WNL.0000000000009037}
}

@article{Rao1999,
  author    = {Rajesh P. Rao and Dana H. Ballard},
  title     = {Predictive Coding in the Visual Cortex: A Functional Interpretation of Some Extra-Classical Receptive-Field Effects},
  journal   = {Nature Neuroscience},
  year      = {1999},
  volume    = {2},
  number    = {1},
  pages     = {79--87},
  note      = {DOI: 10.1038/4580}
}

@article{Schankin2014,
  author    = {Christoph J. Schankin et al.},
  title     = {The Relation Between Migraine, Typical Migraine Aura and "Visual Snow"},
  journal   = {Headache: The Journal of Head and Face Pain},
  year      = {2014},
  volume    = {54},
  number    = {6},
  pages     = {957--966},
  note      = {DOI: 10.1111/head.12378}
}

@article{Seth2014,
  author    = {Anil K. Seth},
  title     = {A Predictive Processing Theory of Sensorimotor Contingencies: Explaining the Puzzle of Perceptual Presence and Its Absence in Synesthesia},
  journal   = {Cognitive Neuroscience},
  year      = {2014},
  volume    = {5},
  number    = {2},
  pages     = {97--118},
  note      = {DOI: 10.1080/17588928.2013.877880}
}

@book{Tye2000,
  author    = {Michael Tye},
  title     = {Consciousness, Color, and Content},
  publisher = {MIT Press},
  year      = {2000},
  note      = {ISBN: 9780262201292}
}

@article{Bharucha2006,
  author = {Jamshed J. Bharucha and Meagan Curtis and Kalendra Paroo},
  title = {Varieties of Musical Experience},
  journal = {Cognition},
  year = {2006},
  volume = {100},
  number = {1},
  pages = {131--172},
  note = {DOI: 10.1016/j.cognition.2005.11.008}
}

@article{Clayton2005,
  author = {Martin Clayton and Rebecca Sager and Udo Will},
  title = {In Time with the Music: The Concept of Entrainment and its Significance for Ethnomusicology},
  journal = {European Meetings in Ethnomusicology},
  year = {2005},
  volume = {11},
  pages = {3--142}
}

@book{DeNora2000,
  author = {Tia DeNora},
  title = {Music in Everyday Life},
  publisher = {Cambridge University Press},
  year = {2000},
  note = {ISBN: 9780521627320}
}

@article{Fitch2015,
  author = {W. Tecumseh Fitch},
  title = {Four Principles of Bio-Musicology},
  journal = {Philosophical Transactions of the Royal Society B: Biological Sciences},
  year = {2015},
  volume = {370},
  number = {1664},
  pages = {20140091},
  note = {DOI: 10.1098/rstb.2014.0091}
}

@book{Huron2006,
  author = {David Huron},
  title = {Sweet Anticipation: Music and the Psychology of Expectation},
  publisher = {MIT Press},
  year = {2006},
  note = {ISBN: 9780262083457}
}

@article{Janata2002,
  author = {Petr Janata and Barbara Tillmann and Jamshed J. Bharucha},
  title = {Listening to Polyphonic Music Recruits Domain-General Attention and Working Memory Circuits},
  journal = {Cognitive, Affective, \& Behavioral Neuroscience},
  year = {2002},
  volume = {2},
  number = {2},
  pages = {121--140},
  note = {DOI: 10.3758/CABN.2.2.121}
}

@article{Krueger2009,
  author = {Joel W. Krueger},
  title = {Enactive Musicology: Mind-Life Continuity and the Music-Listening Experience},
  journal = {Frontiers in Psychology},
  year = {2009},
  volume = {2},
  pages = {1--6},
  note = {DOI: 10.3389/fpsyg.2011.00062}
}

@article{Large1999,
  author = {Edward W. Large and Mari Riess Jones},
  title = {The Dynamics of Attending: How People Track Time-Varying Events},
  journal = {Psychological Review},
  year = {1999},
  volume = {106},
  number = {1},
  pages = {119--159},
  note = {DOI: 10.1037/0033-295X.106.1.119}
}

@book{Patel2010,
  author = {Aniruddh D. Patel},
  title = {Music, Language, and the Brain},
  publisher = {Oxford University Press},
  year = {2010},
  note = {ISBN: 9780199755301}
}

@article{Peretz2005,
  author = {Isabelle Peretz and Robert J. Zatorre},
  title = {Brain Organization for Music Processing},
  journal = {Annual Review of Psychology},
  year = {2005},
  volume = {56},
  pages = {89--114},
  note = {DOI: 10.1146/annurev.psych.56.091103.070225}
}

@article{Reybrouck2005,
  author = {Mark Reybrouck},
  title = {Body, Mind and Music: Musical Semantics Between Experiential Cognition and Cognitive Economy},
  journal = {Transcultural Music Review},
  year = {2005},
  volume = {9}
}

@article{Schaefer2014,
  author = {Rebecca S. Schaefer},
  title = {Auditory Rhythmic Cueing in Movement Rehabilitation: Findings and Possible Mechanisms},
  journal = {Philosophical Transactions of the Royal Society B: Biological Sciences},
  year = {2014},
  volume = {369},
  number = {1658},
  pages = {20130402},
  note = {DOI: 10.1098/rstb.2013.0402}
}

@incollection{Thompson2010,
  author = {William F. Thompson and Laura L. Balkwill},
  title = {Cross-Cultural Similarities and Differences},
  booktitle = {Handbook of Music and Emotion: Theory, Research, Applications},
  editor = {Patrik N. Juslin and John A. Sloboda},
  pages = {755--788},
  publisher = {Oxford University Press},
  year = {2010},
  note = {ISBN: 9780199230143}
}

@book{Zbikowski2002,
  author = {Lawrence M. Zbikowski},
  title = {Conceptualizing Music: Cognitive Structure, Theory, and Analysis},
  publisher = {Oxford University Press},
  year = {2002},
  note = {ISBN: 9780195140231}
}

@article{Zatorre2007,
  author = {Robert J. Zatorre and Joyce L. Chen and Virginia B. Penhune},
  title = {When the Brain Plays Music: Auditory-Motor Interactions in Music Perception and Production},
  journal = {Nature Reviews Neuroscience},
  year = {2007},
  volume = {8},
  number = {7},
  pages = {547--558},
  note = {DOI: 10.1038/nrn2152}
}

@article{Apkarian2005,
  author = {A. Vania Apkarian and M. Catherine Bushnell and Rolf-Detlef Treede and Jon-Kar Zubieta},
  title = {Human Brain Mechanisms of Pain Perception and Regulation in Health and Disease},
  journal = {European Journal of Pain},
  year = {2005},
  volume = {9},
  number = {4},
  pages = {463--484},
  note = {DOI: 10.1016/j.ejpain.2004.11.001}
}

@article{Barrett2009,
  author = {Lisa Feldman Barrett and Eliza Bliss-Moreau},
  title = {Affect as a Psychological Primitive},
  journal = {Advances in Experimental Social Psychology},
  year = {2009},
  volume = {41},
  pages = {167--218},
  note = {DOI: 10.1016/S0065-2601(08)00404-8}
}

@article{Craig2003,
  author = {A. D. Craig},
  title = {Interoception: The Sense of the Physiological Condition of the Body},
  journal = {Current Opinion in Neurobiology},
  year = {2003},
  volume = {13},
  number = {4},
  pages = {500--505},
  note = {DOI: 10.1016/S0959-4388(03)00090-4}
}

@article{Damasio2013,
  author = {Antonio Damasio and Gil B. Carvalho},
  title = {The Nature of Feelings: Evolutionary and Neurobiological Origins},
  journal = {Nature Reviews Neuroscience},
  year = {2013},
  volume = {14},
  number = {2},
  pages = {143--152},
  note = {DOI: 10.1038/nrn3403}
}

@article{Fields2007,
  author = {Howard L. Fields},
  title = {Understanding How Opioids Contribute to Reward and Analgesia},
  journal = {Regional Anesthesia and Pain Medicine},
  year = {2007},
  volume = {32},
  number = {3},
  pages = {242--246},
  note = {DOI: 10.1097/00115550-200705000-00008}
}

@article{Garland2012,
  author = {Eric L. Garland},
  title = {Pain Processing in the Human Nervous System: A Selective Review of Nociceptive and Biobehavioral Pathways},
  journal = {Primary Care},
  year = {2012},
  volume = {39},
  number = {3},
  pages = {561--571},
  note = {DOI: 10.1016/j.pop.2012.06.011}
}

@article{Melzack1965,
  author = {Ronald Melzack and Patrick D. Wall},
  title = {Pain Mechanisms: A New Theory},
  journal = {Science},
  year = {1965},
  volume = {150},
  number = {3699},
  pages = {971--979},
  note = {DOI: 10.1126/science.150.3699.971}
}

@book{Morris1991,
  author = {David B. Morris},
  title = {The Culture of Pain},
  publisher = {University of California Press},
  year = {1991},
  note = {ISBN: 9780520075122}
}

@book{Pfaff2006,
  author = {Donald W. Pfaff},
  title = {Brain Arousal and Information Theory: Neural and Genetic Mechanisms},
  publisher = {Harvard University Press},
  year = {2006},
  note = {ISBN: 9780674022366}
}

@article{Price2000,
  author = {Donald D. Price},
  title = {Psychological and Neural Mechanisms of the Affective Dimension of Pain},
  journal = {Science},
  year = {2000},
  volume = {288},
  number = {5472},
  pages = {1769--1772},
  note = {DOI: 10.1126/science.288.5472.1769}
}

@article{Saper2010,
  author = {Clifford B. Saper and Patrick M. Fuller and Niels P. Pedersen and Jun Lu and Thomas E. Scammell},
  title = {Sleep State Switching},
  journal = {Neuron},
  year = {2010},
  volume = {68},
  number = {6},
  pages = {1023--1042},
  note = {DOI: 10.1016/j.neuron.2010.11.032}
}

@article{Tracey2007,
  author = {Irene Tracey and Patrick W. Mantyh},
  title = {The Cerebral Signature for Pain Perception and its Modulation},
  journal = {Neuron},
  year = {2007},
  volume = {55},
  number = {3},
  pages = {377--391},
  note = {DOI: 10.1016/j.neuron.2007.07.012}
}

@article{Wiech2008,
  author = {Katja Wiech and Martin Ploner and Irene Tracey},
  title = {Neurocognitive Aspects of Pain Perception},
  journal = {Trends in Cognitive Sciences},
  year = {2008},
  volume = {12},
  number = {8},
  pages = {306--313},
  note = {DOI: 10.1016/j.tics.2008.05.005}
}

@article{Yerkes1908,
  author = {Robert M. Yerkes and John D. Dodson},
  title = {The Relation of Strength of Stimulus to Rapidity of Habit-Formation},
  journal = {Journal of Comparative Neurology and Psychology},
  year = {1908},
  volume = {18},
  number = {5},
  pages = {459--482},
  note = {DOI: 10.1002/cne.920180503}
}

@book{Barrett2017,
  author    = {Lisa Feldman Barrett},
  title     = {How Emotions Are Made: The Secret Life of the Brain},
  publisher = {Houghton Mifflin Harcourt},
  year      = {2017},
  isbn      = {9780544133310},
  note      = {ISBN: 9780544133310}
}

@book{Damasio2018,
  author    = {Antonio R. Damasio},
  title     = {The Strange Order of Things: Life, Feeling, and the Making of Cultures},
  publisher = {Pantheon Books},
  year      = {2018},
  isbn      = {9780307908759},
  note      = {ISBN: 9780307908759}
}

@book{Davidson2012,
  author    = {Richard J. Davidson and Sharon Begley},
  title     = {The Emotional Life of Your Brain: How Its Unique Patterns Affect the Way You Think, Feel, and Live},
  publisher = {Hudson Street Press},
  year      = {2012},
  isbn      = {9781594630897},
  note      = {ISBN: 9781594630897}
}

@book{Ekman2003,
  author    = {Paul Ekman},
  title     = {Emotions Revealed: Recognizing Faces and Feelings to Improve Communication and Emotional Life},
  publisher = {Times Books},
  year      = {2003},
  isbn      = {9780805075168},
  note      = {ISBN: 9780805075168}
}

@book{Fox2019,
  author    = {Andrew S. Fox and Richard J. Davidson},
  title     = {The Neuroscience of Emotion: A New Synthesis},
  publisher = {Princeton University Press},
  year      = {2019},
  isbn      = {9780691171517},
  note      = {ISBN: 9780691171517}
}

@book{Fuchs2019,
  author    = {Thomas Fuchs},
  title     = {Ecology of the Brain: The Phenomenology and Biology of the Embodied Mind},
  publisher = {Oxford University Press},
  year      = {2019},
  isbn      = {9780199646883},
  note      = {ISBN: 9780199646883}
}

@incollection{Keltner2001,
  author    = {Dacher Keltner and Jonathan Haidt},
  title     = {Social Functions of Emotions},
  booktitle = {Emotions: Current Issues and Future Directions},
  editor    = {T. J. Mayne and G. A. Bonanno},
  pages     = {192--213},
  publisher = {Guilford Press},
  year      = {2001},
  isbn      = {9781572306226},
  note      = {ISBN: 9781572306226}
}

@book{LeDoux2015,
  author    = {Joseph E. LeDoux},
  title     = {Anxious: Using the Brain to Understand and Treat Fear and Anxiety},
  publisher = {Viking},
  year      = {2015},
  isbn      = {9780670015337},
  note      = {ISBN: 9780670015337}
}

@book{Lutz1988,
  author    = {Catherine Lutz},
  title     = {Unnatural Emotions: Everyday Sentiments on a Micronesian Atoll and Their Challenge to Western Theory},
  publisher = {University of Chicago Press},
  year      = {1988},
  isbn      = {9780226497242},
  note      = {ISBN: 9780226497242}
}

@book{Panksepp1998,
  author    = {Jaak Panksepp},
  title     = {Affective Neuroscience: The Foundations of Human and Animal Emotions},
  publisher = {Oxford University Press},
  year      = {1998},
  isbn      = {9780195096736},
  note      = {ISBN: 9780195096736}
}

@book{Reddy2001,
  author    = {William M. Reddy},
  title     = {The Navigation of Feeling: A Framework for the History of Emotions},
  publisher = {Cambridge University Press},
  year      = {2001},
  isbn      = {9780521802673},
  note      = {ISBN: 9780521802673}
}

@book{Rosaldo1980,
  author    = {Michelle Z. Rosaldo},
  title     = {Knowledge and Passion: Ilongot Notions of Self and Social Life},
  publisher = {Cambridge University Press},
  year      = {1980},
  isbn      = {9780521290524},
  note      = {ISBN: 9780521290524}
}

@book{Scherer2014,
  editor    = {Klaus R. Scherer and Paul Ekman},
  title     = {Approaches to Emotion},
  publisher = {Psychology Press},
  year      = {2014},
  isbn      = {9781138876026},
  note      = {ISBN: 9781138876026}
}

@book{Siegel2012,
  author    = {Daniel J. Siegel},
  title     = {The Developing Mind: How Relationships and the Brain Interact to Shape Who We Are},
  publisher = {Guilford Press},
  year      = {2012},
  isbn      = {9781462503902},
  note      = {ISBN: 9781462503902}
}


@book{Wentworth1992,
  author    = {William M. Wentworth and John Ryan},
  title     = {Social Perspectives on Emotion: A Theoretical Synthesis},
  publisher = {JAI Press},
  year      = {1992},
  note      = {ISBN: 9781559383451}
}

@incollection{White1994,
  author    = {Geoffrey M. White},
  title     = {Affecting Culture: Emotion and Morality in Everyday Life},
  booktitle = {Emotion and Culture: Empirical Studies of Mutual Influence},
  editor    = {Shinobu Kitayama and Hazel R. Markus},
  pages     = {219--239},
  publisher = {American Psychological Association},
  year      = {1994},
  note      = {ISBN: 9781557982366}
}

@book{Abler2005,
  author    = {William L. Abler},
  title     = {Structure of Matter, Structure of Mind: Man's Place in Nature, Reconsidered},
  publisher = {Bainbridge Books},
  year      = {2005},
  note      = {ISBN: 978-1891696190}
}

@book{Arbib2012,
  author    = {Michael A. Arbib},
  title     = {How the Brain Got Language: The Mirror System Hypothesis},
  publisher = {Oxford University Press},
  year      = {2012},
  note      = {ISBN: 978-0199896684}
}

@article{Barsalou2008,
  author    = {Lawrence W. Barsalou},
  title     = {Grounded Cognition},
  journal   = {Annual Review of Psychology},
  year      = {2008},
  volume    = {59},
  pages     = {617--645},
  note      = {DOI: 10.1146/annurev.psych.59.103006.093639}
}

@book{Christiansen2016,
  author    = {Morten H. Christiansen and Nick Chater},
  title     = {Creating Language: Integrating Evolution, Acquisition, and Processing},
  publisher = {MIT Press},
  year      = {2016},
  note      = {ISBN: 978-0262034319}
}

@book{Deacon1997,
  author    = {Terrence W. Deacon},
  title     = {The Symbolic Species: The Co-evolution of Language and the Brain},
  publisher = {W.W. Norton},
  year      = {1997},
  note      = {ISBN: 978-0393038385}
}

@incollection{Dingemanse2017,
  author    = {Mark Dingemanse},
  title     = {Brain-to-Brain Interfaces and the Role of Language in Distributing Agency},
  booktitle = {Distributed Agency},
  editor    = {N. J. Enfield and Paul Kockelman},
  pages     = {59--66},
  publisher = {Oxford University Press},
  year      = {2017},
  note      = {ISBN: 978-0190457204}
}

@book{Duranti2009,
  author    = {Alessandro Duranti},
  title     = {Linguistic Anthropology: A Reader},
  publisher = {Wiley-Blackwell},
  year      = {2009},
  note      = {ISBN: 978-1405126328}
}

@book{Enfield2017,
  author    = {N. J. Enfield},
  title     = {How We Talk: The Inner Workings of Conversation},
  publisher = {Basic Books},
  year      = {2017},
  note      = {ISBN: 978-0465059942}
}

@book{Fauconnier2002,
  author    = {Gilles Fauconnier and Mark Turner},
  title     = {The Way We Think: Conceptual Blending and the Mind's Hidden Complexities},
  publisher = {Basic Books},
  year      = {2002},
  note      = {ISBN: 978-0465087853}
}

@book{Feldman2008,
  author    = {Jerome Feldman},
  title     = {From Molecule to Metaphor: A Neural Theory of Language},
  publisher = {MIT Press},
  year      = {2008},
  note      = {ISBN: 978-0262562355}
}

@book{GoldinMeadow2003,
  author    = {Susan Goldin-Meadow},
  title     = {Hearing Gesture: How Our Hands Help Us Think},
  publisher = {Harvard University Press},
  year      = {2003},
  note      = {ISBN: 978-0674018372}
}

@article{Hauser2002,
  author    = {Marc D. Hauser and Noam Chomsky and W. Tecumseh Fitch},
  title     = {The Faculty of Language: What Is It, Who Has It, and How Did It Evolve?},
  journal   = {Science},
  year      = {2002},
  volume    = {298},
  number    = {5598},
  pages     = {1569--1579},
  note      = {DOI: 10.1126/science.298.5598.1569}
}

@book{Lakoff1999,
  author    = {George Lakoff and Mark Johnson},
  title     = {Philosophy in the Flesh: The Embodied Mind and Its Challenge to Western Thought},
  publisher = {Basic Books},
  year      = {1999},
  note      = {ISBN: 978-0465056743}
}

@book{McNeill2005,
  author    = {David McNeill},
  title     = {Gesture and Thought},
  publisher = {University of Chicago Press},
  year      = {2005},
  note      = {ISBN: 978-0226514642}
}

@book{Pulvermuller2002,
  author    = {Friedemann Pulverm√ºller},
  title     = {The Neuroscience of Language: On Brain Circuits of Words and Serial Order},
  publisher = {Cambridge University Press},
  year      = {2002},
  note      = {ISBN: 978-0521793742}
}

@incollection{Silverstein1976,
  author    = {Michael Silverstein},
  title     = {Shifters, Linguistic Categories, and Cultural Description},
  booktitle = {Meaning in Anthropology},
  editor    = {Keith H. Basso and Henry A. Selby},
  pages     = {11--55},
  publisher = {University of New Mexico Press},
  year      = {1976},
  note      = {ISBN: 978-0826304311}
}

@book{Tomasello2008,
  author    = {Michael Tomasello},
  title     = {Origins of Human Communication},
  publisher = {MIT Press},
  year      = {2008},
  note      = {ISBN: 978-0262012621}
}

@book{Vygotsky2012,
  author    = {Lev S. Vygotsky},
  title     = {Thought and Language},
  edition   = {Revised and Expanded Edition},
  publisher = {MIT Press},
  year      = {2012},
  note      = {ISBN: 978-0262517713}
}

@book{Whorf1956,
  author    = {Benjamin Lee Whorf},
  title     = {Language, Thought, and Reality: Selected Writings of Benjamin Lee Whorf},
  editor    = {John B. Carroll},
  publisher = {MIT Press},
  year      = {1956},
  note      = {ISBN: 978-0262730068}
}

@book{Ascher1991,
  author = {Marcia Ascher},
  title = {Ethnomathematics: A Multicultural View of Mathematical Ideas},
  publisher = {Chapman \& Hall},
  year = {1991},
  note = {ISBN: 978-0412989414}
}

@book{Barrow1992,
  author = {John D. Barrow},
  title = {Pi in the Sky: Counting, Thinking, and Being},
  publisher = {Oxford University Press},
  year = {1992},
  note = {ISBN: 978-0198539568}
}

@book{Bateson1979,
  author = {Gregory Bateson},
  title = {Mind and Nature: A Necessary Unity},
  publisher = {E.P. Dutton},
  year = {1979},
  note = {ISBN: 978-0520050646}
}

@book{Benacerraf1983,
  editor = {Paul Benacerraf and Hilary Putnam},
  title = {Philosophy of Mathematics: Selected Readings},
  publisher = {Cambridge University Press},
  year = {1983},
  note = {ISBN: 978-0521296487}
}

@book{Dehaene2011b,
  author = {Stanislas Dehaene},
  title = {The Number Sense: How the Mind Creates Mathematics},
  publisher = {Oxford University Press},
  year = {2011},
  note = {ISBN: 978-0199753871}
}

@article{DAmbrosio1985,
  author = {Ubiratan D'Ambrosio},
  title = {Ethnomathematics and its Place in the History and Pedagogy of Mathematics},
  journal = {For the Learning of Mathematics},
  year = {1985},
  volume = {5},
  number = {1},
  pages = {44--48},
  note = {Available at: \url{https://www.jstor.org/stable/40247876}}
}

@book{Devlin2000,
  author = {Keith Devlin},
  title = {The Math Gene: How Mathematical Thinking Evolved and Why Numbers Are Like Gossip},
  publisher = {Basic Books},
  year = {2000},
  note = {ISBN: 978-0465016184}
}

@book{Gigerenzer2008,
  author = {Gerd Gigerenzer},
  title = {Rationality for Mortals: How People Cope with Uncertainty},
  publisher = {Oxford University Press},
  year = {2008},
  note = {ISBN: 978-0195328981}
}

@book{Hadamard1945,
  author = {Jacques Hadamard},
  title = {An Essay on the Psychology of Invention in the Mathematical Field},
  publisher = {Princeton University Press},
  year = {1945},
  note = {ISBN: 978-0691029313}
}

@book{Kahneman2011,
  author = {Daniel Kahneman},
  title = {Thinking, Fast and Slow},
  publisher = {Farrar, Straus and Giroux},
  year = {2011},
  note = {ISBN: 978-0374275631}
}

@book{Lakatos1976,
  author = {Imre Lakatos},
  title = {Proofs and Refutations: The Logic of Mathematical Discovery},
  publisher = {Cambridge University Press},
  year = {1976},
  note = {ISBN: 978-0521290386}
}

@book{Lakoff2000,
  author = {George Lakoff and Rafael E. N√∫√±ez},
  title = {Where Mathematics Comes From: How the Embodied Mind Brings Mathematics into Being},
  publisher = {Basic Books},
  year = {2000},
  note = {ISBN: 978-0465037707}
}

@book{Lloyd1990,
  author = {G. E. R. Lloyd},
  title = {Demystifying Mentalities},
  publisher = {Cambridge University Press},
  year = {1990},
  note = {ISBN: 978-0521388779}
}

@book{MacLane1986,
  author = {Saunders MacLane},
  title = {Mathematics: Form and Function},
  publisher = {Springer-Verlag},
  year = {1986},
  note = {ISBN: 978-0387963854}
}

@book{Penrose1994,
  author = {Roger Penrose},
  title = {Shadows of the Mind: A Search for the Missing Science of Consciousness},
  publisher = {Oxford University Press},
  year = {1994},
  note = {ISBN: 978-0198539780}
}

@book{Piaget1952,
  author = {Jean Piaget},
  title = {The Child's Conception of Number},
  publisher = {Routledge},
  year = {1952},
  note = {ISBN: 978-0415210003}
}

@book{Polanyi1958,
  author = {Michael Polanyi},
  title = {Personal Knowledge: Towards a Post-Critical Philosophy},
  publisher = {University of Chicago Press},
  year = {1958},
  note = {ISBN: 978-0226672928}
}

@book{Rotman1993,
  author = {Brian Rotman},
  title = {Ad Infinitum: The Ghost in Turing's Machine: Taking God Out of Mathematics and Putting the Body Back In},
  publisher = {Stanford University Press},
  year = {1993},
  note = {ISBN: 978-0804720991}
}

@book{Sperber1996,
  author = {Dan Sperber},
  title = {Explaining Culture: A Naturalistic Approach},
  publisher = {Blackwell Publishers},
  year = {1996},
  note = {ISBN: 978-0631195673}
}

@book{Varela1991,
  author = {Francisco J. Varela and Evan Thompson and Eleanor Rosch},
  title = {The Embodied Mind: Cognitive Science and Human Experience},
  publisher = {MIT Press},
  year = {1991},
  note = {ISBN: 978-0262720212}
}

@article{Bjorklund2014,
  author = {David F. Bjorklund and Bruce J. Ellis},
  title = {Children, Childhood, and Development in Evolutionary Perspective},
  journal = {Developmental Review},
  year = {2014},
  volume = {34},
  number = {3},
  pages = {225--264},
  note = {DOI: 10.1016/j.dr.2014.05.005}
}

@book{Carey2009,
  author = {Susan Carey},
  title = {The Origin of Concepts},
  publisher = {Oxford University Press},
  year = {2009},
  note = {ISBN: 978-0-19-536763-8}
}

@book{Cicchetti2016,
  editor = {Dante Cicchetti and Donald J. Cohen},
  title = {Developmental Psychopathology: Theory and Method},
  publisher = {Wiley},
  year = {2016},
  note = {ISBN: 978-1-118-12087-3}
}

@book{Damasio2010,
  author = {Antonio Damasio},
  title = {Self Comes to Mind: Constructing the Conscious Brain},
  publisher = {Pantheon Books},
  year = {2010},
  note = {ISBN: 978-0-307-37722-0}
}

@article{DehaeneLambertz2015,
  author = {Ghislaine Dehaene-Lambertz and Elizabeth S. Spelke},
  title = {The Infancy of the Human Brain},
  journal = {Neuron},
  year = {2015},
  volume = {88},
  number = {1},
  pages = {93--109},
  note = {DOI: 10.1016/j.neuron.2015.09.026}
}

@book{Edelman1987,
  author = {Gerald M. Edelman},
  title = {Neural Darwinism: The Theory of Neuronal Group Selection},
  publisher = {Basic Books},
  year = {1987},
  note = {ISBN: 978-0-465-06910-8}
}

@book{Fuster2013,
  author = {Joaqu√≠n M. Fuster},
  title = {The Neuroscience of Freedom and Creativity: Our Predictive Brain},
  publisher = {Cambridge University Press},
  year = {2013},
  note = {ISBN: 978-1-107-02913-2}
}

@article{Gottlieb2007,
  author = {Gilbert Gottlieb},
  title = {Probabilistic Epigenesis},
  journal = {Developmental Science},
  year = {2007},
  volume = {10},
  number = {1},
  pages = {1--11},
  note = {DOI: 10.1111/j.1467-7687.2007.00556.x}
}

@book{Johnson2011,
  author = {Mark H. Johnson},
  title = {Developmental Cognitive Neuroscience: An Introduction},
  publisher = {Wiley-Blackwell},
  year = {2011},
  note = {ISBN: 978-1-4051-9668-3}
}

@book{Kagan2013,
  author = {Jerome Kagan},
  title = {The Human Spark: The Science of Human Development},
  publisher = {Basic Books},
  year = {2013},
  note = {ISBN: 978-0-465-02928-7}
}

@book{Lichtenberg2016,
  author = {Joseph D. Lichtenberg and Frank M. Lachmann and James L. Fosshage},
  title = {Self and Motivational Systems: Towards A Theory of Psychoanalytic Technique},
  publisher = {Routledge},
  year = {2016},
  note = {ISBN: 978-1-138-94912-3}
}

@book{Marcus2004,
  author = {Gary Marcus},
  title = {The Birth of the Mind: How a Tiny Number of Genes Creates The Complexities of Human Thought},
  publisher = {Basic Books},
  year = {2004},
  note = {ISBN: 978-0-465-01806-9}
}

@book{Nelson2021,
  author = {Charles A. Nelson},
  title = {The Developing Brain: From Birth to Age 25},
  publisher = {Oxford University Press},
  year = {2021},
  note = {ISBN: 978-0-19-511480-5}
}

@book{Piaget1971,
  author = {Jean Piaget},
  title = {Biology and Knowledge: An Essay on the Relations Between Organic Regulations and Cognitive Processes},
  publisher = {University of Chicago Press},
  year = {1971},
  note = {ISBN: 978-0-226-66898-0}
}

@book{Quartz2002,
  author = {Steven R. Quartz and Terrence J. Sejnowski},
  title = {Liars, Lovers, and Heroes: What the New Brain Science Reveals About How We Become Who We Are},
  publisher = {William Morrow},
  year = {2002},
  note = {ISBN: 978-0-688-17496-3}
}

@book{Schore2019,
  author = {Allan N. Schore},
  title = {The Development of the Unconscious Mind},
  publisher = {W. W. Norton \& Company},
  year = {2019},
  note = {ISBN: 978-0-393-71104-7}
}

@book{Siegel2020,
  author = {Daniel J. Siegel},
  title = {The Developing Mind: How Relationships and the Brain Interact to Shape Who We Are},
  edition = {3rd},
  publisher = {Guilford Press},
  year = {2020},
  note = {ISBN: 978-1-4625-4275-8}
}

@book{Stern2000,
  author = {Daniel N. Stern},
  title = {The Interpersonal World of the Infant: A View from Psychoanalysis and Developmental Psychology},
  publisher = {Basic Books},
  year = {2000},
  note = {ISBN: 978-0-465-07569-7}
}

@book{Thelen1996,
  author = {Esther Thelen and Linda B. Smith},
  title = {A Dynamic Systems Approach to the Development of Cognition and Action},
  publisher = {MIT Press},
  year = {1996},
  note = {ISBN: 978-0-262-70062-4}
}

@article{Trevarthen2011,
  author = {Colwyn Trevarthen},
  title = {What Is It Like to Be a Person Who Knows Nothing? Defining the Active Intersubjective Mind of a Newborn Human Being},
  journal = {Infant and Child Development},
  year = {2011},
  volume = {20},
  number = {1},
  pages = {119--135},
  note = {DOI: 10.1002/icd.689}
}

@article{Davidoff2015,
  author    = {Jules Davidoff},
  title     = {Color categories: Evidence for the cultural relativity hypothesis},
  journal   = {Behavioral and Brain Sciences},
  year      = {2015},
  volume    = {38},
  pages     = {e169},
  note      = {DOI: 10.1017/S0140525X1400004X}
}

@article{ConwayLivingstone2021,
  author    = {Bevil R. Conway and Margaret S. Livingstone},
  title     = {A different hue of consciousness: The biological basis of color perception},
  journal   = {Trends in Cognitive Sciences},
  year      = {2021},
  volume    = {25},
  number    = {8},
  pages     = {643--645},
  note      = {DOI: 10.1016/j.tics.2021.05.007}
}

@incollection{Jameson2010,
  author    = {Kimberly A. Jameson},
  title     = {Where in the World Color Survey is the support for the Hering Primaries as the basis for color categorization?},
  booktitle = {Color Ontology and Color Science},
  editor    = {Jonathan Cohen and Mohan Matthen},
  publisher = {MIT Press},
  year      = {2010},
  pages     = {179--202},
  note      = {ISBN: 9780262013853}
}

@article{JordanMollon1993,
  author    = {Graham Jordan and John D. Mollon},
  title     = {A study of women heterozygous for colour deficiencies},
  journal   = {Vision Research},
  year      = {1993},
  volume    = {33},
  number    = {11},
  pages     = {1495--1508},
  note      = {DOI: 10.1016/0042-6989(93)90025-Q}
}

@book{MacLaury1997,
  author    = {Robert E. MacLaury},
  title     = {Color and Cognition in Mesoamerica: Constructing Categories as Vantages},
  publisher = {University of Texas Press},
  year      = {1997},
  note      = {ISBN: 9780292752122}
}

@article{KayRegier2003,
  author    = {Paul Kay and Terry Regier},
  title     = {Resolving the question of color naming universals},
  journal   = {Proceedings of the National Academy of Sciences},
  year      = {2003},
  volume    = {100},
  number    = {15},
  pages     = {9085--9089},
  note      = {DOI: 10.1073/pnas.1532837100}
}

@article{Jordan2010,
  author    = {Gabriele Jordan and Samir S. Deeb and Jenny M. Bosten and J. D. Mollon},
  title     = {The dimensionality of color vision in carriers of anomalous trichromacy},
  journal   = {Journal of Vision},
  year      = {2010},
  volume    = {10},
  number    = {8},
  pages     = {12--12},
  note      = {DOI: 10.1167/10.8.12}
}

@article{Jacobs2018,
  author    = {Gerald H. Jacobs},
  title     = {Photopigments and the dimensionality of animal color vision},
  journal   = {Neuroscience \& Biobehavioral Reviews},
  year      = {2018},
  volume    = {86},
  pages     = {108--130},
  note      = {DOI: 10.1016/j.neubiorev.2017.12.006}
}

@article{Jameson2001,
  author    = {Kimberly A. Jameson and Susan M. Highnote and Linda M. Wasserman},
  title     = {Richer color experience in observers with multiple photopigment opsin genes},
  journal   = {Psychonomic Bulletin \& Review},
  year      = {2001},
  volume    = {8},
  number    = {2},
  pages     = {244--261},
  note      = {DOI: 10.3758/BF03196159}
}

@incollection{Neitz2017,
  author    = {Jay Neitz and Maureen Neitz},
  title     = {Evolution of colour vision},
  booktitle = {Human Color Vision},
  editor    = {J. Kremers and R. Baraas and J. Marshall},
  publisher = {Springer},
  year      = {2017},
  pages     = {481--515},
  note      = {ISBN: 9783319449787}
}

@article{Wilkins2020,
  author    = {Arnold J. Wilkins and G. E. Meyer},
  title     = {Birds can see a fourth primary color humans cannot‚Äîjust ask a female zebra finch},
  journal   = {Journal of Comparative Physiology A},
  year      = {2020},
  volume    = {206},
  pages     = {425--439},
  note      = {DOI: 10.1007/s00359-020-01413-5}
}

@article{Bowmaker2008,
  author    = {James K. Bowmaker},
  title     = {Evolution of vertebrate visual pigments},
  journal   = {Vision Research},
  year      = {2008},
  volume    = {48},
  number    = {20},
  pages     = {2022--2041},
  note      = {DOI: 10.1016/j.visres.2008.03.025}
}

@article{ByrneHilbert2017,
  author    = {Alex Byrne and David R. Hilbert},
  title     = {Color relationalism and relativism},
  journal   = {Topics in Cognitive Science},
  year      = {2017},
  volume    = {9},
  number    = {1},
  pages     = {172--192},
  note      = {DOI: 10.1111/tops.12243}
}

@article{Palmer1999,
  author    = {Stephen E. Palmer},
  title     = {Color, consciousness, and the isomorphism constraint},
  journal   = {Behavioral and Brain Sciences},
  year      = {1999},
  volume    = {22},
  number    = {6},
  pages     = {923--943},
  note      = {DOI: 10.1017/S0140525X99002216}
}

@article{Provenzi2020,
  author    = {Edoardo Provenzi},
  title     = {Geometry of color perception. Part 1: Structures and metrics of a homogeneous color space},
  journal   = {The Journal of Mathematical Neuroscience},
  year      = {2020},
  volume    = {10},
  number    = {1},
  pages     = {1--19},
  note      = {DOI: 10.1186/s13408-020-00084-x}
}

@article{Block1990,
  author    = {Ned Block},
  title     = {Inverted Earth},
  journal   = {Philosophical Perspectives},
  year      = {1990},
  volume    = {4},
  pages     = {53--79},
  note      = {DOI: 10.2307/2214187}
}

@book{Thompson1995,
  author    = {Evan Thompson},
  title     = {Colour Vision: A Study in Cognitive Science and the Philosophy of Perception},
  publisher = {Routledge},
  year      = {1995},
  note      = {ISBN: 9780415117968}
}

@book{HarrisonBaronCohen1997,
  editor    = {John E. Harrison and Simon Baron-Cohen},
  title     = {Synaesthesia: Classic and Contemporary Readings},
  publisher = {Blackwell},
  year      = {1997},
  note      = {ISBN: 9780631197645}
}

@article{VanBrakel1993,
  author    = {Jaap van Brakel},
  title     = {The Plasticity of Categories: The Case of Colour},
  journal   = {British Journal for the Philosophy of Science},
  year      = {1993},
  volume    = {44},
  number    = {1},
  pages     = {103--135},
  note      = {DOI: 10.1093/bjps/44.1.103}
}

@article{Kay2003,
  author    = {Paul Kay and Terry Regier},
  title     = {Resolving the question of color naming universals},
  journal   = {Proceedings of the National Academy of Sciences},
  year      = {2003},
  volume    = {100},
  number    = {15},
  pages     = {9085--9089},
  note      = {DOI: 10.1073/pnas.1532837100}
}