@book{Buzsaki2019,
  author = {G. Buzsáki},
  title = {The Brain from Inside Out},
  publisher = {Oxford University Press},
  year = {2019},
  note = {ISBN: 9780190905385}
}

@inbook{DePasquale2020,
  author = {F. De Pasquale and L. Marzetti},
  title = {Brain Networks and Their Relevance for Brain Function},
  booktitle = {The Oxford Handbook of Human Brain Function},
  publisher = {Oxford University Press},
  year = {2020},
  note = {ISBN: 9780199669608}
}

@article{Fox2010,
  author = {M. D. Fox and M. Greicius},
  title = {Clinical Applications of Resting State Functional Connectivity},
  journal = {Frontiers in Systems Neuroscience},
  volume = {4},
  pages = {19},
  year = {2010},
  note = {DOI: 10.3389/fnsys.2010.00019}
}

@article{Gallegos2020,
  author = {J. M. Gallegos and others},
  title = {Transcriptomic and Epigenetic Regulation of Neural Cell Identity},
  journal = {Neuroscience Research},
  volume = {159},
  pages = {10--22},
  year = {2020},
  note = {DOI: 10.1016/j.neures.2020.04.004}
}

@article{He2014,
  author = {B. J. He},
  title = {Scale-Free Brain Activity: Past, Present, and Future},
  journal = {Trends in Cognitive Sciences},
  volume = {18},
  number = {9},
  pages = {480--487},
  year = {2014},
  note = {DOI: 10.1016/j.tics.2014.04.003}
}

@article{Kucyi2017,
  author = {A. Kucyi and K. D. Davis},
  title = {The Neural Basis of Consciousness},
  journal = {Neuropsychologia},
  volume = {105},
  pages = {92--104},
  year = {2017},
  note = {DOI: 10.1016/j.neuropsychologia.2017.11.037}
}

@article{Magistretti2018,
  author = {P. J. Magistretti and I. Allaman},
  title = {Lactate in the Brain: From Metabolic End-Product to Signalling Molecule},
  journal = {Nature Reviews Neuroscience},
  volume = {19},
  number = {4},
  pages = {235--249},
  year = {2018},
  note = {DOI: 10.1038/nrn.2018.19}
}

@article{Northoff2020,
  author = {G. Northoff and V. A. Lamme},
  title = {Neural Signs and Mechanisms of Consciousness: A Theoretical Framework},
  journal = {Neuroscience \& Biobehavioral Reviews},
  volume = {118},
  pages = {568--591},
  year = {2020},
  note = {DOI: 10.1016/j.neubiorev.2020.08.016}
}

@article{Palva2018,
  author = {S. Palva and J. M. Palva},
  title = {Roles of Brain Criticality and Multiscale Oscillations in Temporal Predictions for Sensorimotor Processing},
  journal = {Trends in Neurosciences},
  volume = {41},
  number = {10},
  pages = {729--743},
  year = {2018},
  note = {DOI: 10.1016/j.tins.2018.09.001}
}

@book{Sherrington2018,
  author = {D. Sherrington},
  title = {Thermodynamic Brain: Information and Neural Networks},
  publisher = {Oxford University Press},
  year = {2018},
  note = {ISBN: 9780199646104}
}

@article{Tononi2015,
  author = {G. Tononi and C. Koch},
  title = {Consciousness: Here, There and Everywhere?},
  journal = {Philosophical Transactions of the Royal Society B},
  volume = {370},
  number = {1668},
  pages = {20140167},
  year = {2015},
  note = {DOI: 10.1098/rstb.2014.0167}
}

@article{Vertes2015,
  author = {P. E. Vertes and E. T. Bullmore},
  title = {Annual Research Review: Growth Connectomics–The Organization and Reorganization of Brain Networks During Normal and Abnormal Development},
  journal = {Journal of Child Psychology and Psychiatry},
  volume = {56},
  number = {3},
  pages = {299--320},
  year = {2015},
  note = {DOI: 10.1111/jcpp.12365}
}

@article{Watts2018,
  author = {M. E. Watts and others},
  title = {Biophysical Measurement of Brain Temperature During Neural Recording},
  journal = {Journal of Neuroscience Methods},
  volume = {307},
  pages = {1--8},
  year = {2018},
  note = {DOI: 10.1016/j.jneumeth.2018.06.003}
}

@article{Zhang2019,
  author = {Y. Zhang and others},
  title = {Measuring Energy Metabolism in Cultured Cells, Including Human Pluripotent Stem Cells and Differentiated Cells},
  journal = {Nature Protocols},
  volume = {14},
  number = {2},
  pages = {410--437},
  year = {2019},
  note = {DOI: 10.1038/s41596-018-0114-4}
}

@article{Bassett2017,
  author = {D. S. Bassett and O. Sporns},
  title = {Network Neuroscience},
  journal = {Nature Neuroscience},
  volume = {20},
  number = {3},
  pages = {353--364},
  year = {2017},
  note = {DOI: 10.1038/nn.4502}
}

@article{Bezaires2013,
  author = {J. E. Niven},
  title = {Neuronal Energy Consumption: Biophysics, Efficiency and Evolution},
  journal = {Current Opinion in Neurobiology},
  volume = {41},
  pages = {129--135},
  year = {2016},
  note = {DOI: 10.1016/j.conb.2016.09.004}
}

@article{Chow2020,
  author = {B. W. Chow and others},
  title = {Calcium-Independent Astrocytic Lipid Release Modulates Neuronal Excitability},
  journal = {Cell Reports},
  volume = {31},
  number = {12},
  pages = {107880},
  year = {2020},
  note = {DOI: 10.1016/j.celrep.2020.107880}
}

@article{Dehaene2011,
  author = {S. Dehaene and J. P. Changeux},
  title = {Experimental and Theoretical Approaches to Conscious Processing},
  journal = {Neuron},
  volume = {70},
  number = {2},
  pages = {200--227},
  year = {2011},
  note = {DOI: 10.1016/j.neuron.2011.03.018}
}

@article{DiNuzzo2017,
  author = {M. DiNuzzo and M. Nedergaard},
  title = {Brain Energetics During the Sleep-Wake Cycle},
  journal = {Current Opinion in Neurobiology},
  volume = {47},
  pages = {65--72},
  year = {2017},
  note = {DOI: 10.1016/j.conb.2017.09.010}
}

@article{Howarth2012,
  author = {C. Howarth and others},
  title = {Updated Energy Budgets for Neural Computation in the Neocortex and Cerebellum},
  journal = {Journal of Cerebral Blood Flow \& Metabolism},
  volume = {32},
  number = {7},
  pages = {1222--1232},
  year = {2012},
  note = {DOI: 10.1038/jcbfm.2012.35}
}

@article{Kuzum2014,
  author = {D. Kuzum and others},
  title = {Nanoelectronic Devices for Brain Mapping and Neural Interfaces},
  journal = {Advanced Materials},
  volume = {26},
  number = {17},
  pages = {2885--2893},
  year = {2014},
  note = {DOI: 10.1002/adma.201305083}
}

@article{Lisman2018,
  author = {J. Lisman and others},
  title = {Memory Circuits: Mechanisms and Models},
  journal = {Nature Reviews Neuroscience},
  volume = {19},
  number = {9},
  pages = {547--563},
  year = {2018},
  note = {DOI: 10.1038/s41583-018-0031-8}
}

@article{Michel2018,
  author = {C. M. Michel and T. Koenig},
  title = {EEG Microstates as a Tool for Studying the Temporal Dynamics of Whole-Brain Neuronal Networks},
  journal = {NeuroImage},
  volume = {180},
  pages = {577--593},
  year = {2018},
  note = {DOI: 10.1016/j.neuroimage.2017.11.062}
}

@article{Poskanzer2016,
  author = {K. E. Poskanzer and R. Yuste},
  title = {Astrocytic Regulation of Cortical UP States},
  journal = {Proceedings of the National Academy of Sciences},
  volume = {113},
  number = {19},
  pages = {E2675--E2684},
  year = {2016},
  note = {DOI: 10.1073/pnas.1520759113}
}

@article{Raichle2015,
  author = {M. E. Raichle},
  title = {The Brain's Default Mode Network},
  journal = {Annual Review of Neuroscience},
  volume = {38},
  pages = {433--447},
  year = {2015},
  note = {DOI: 10.1146/annurev-neuro-071013-014030}
}

@article{Scholvinck2013,
  author = {M. L. Schölvinck and others},
  title = {Neural Basis of Global Resting-State fMRI Activity},
  journal = {Proceedings of the National Academy of Sciences},
  volume = {110},
  number = {26},
  pages = {10238--10243},
  year = {2013},
  note = {DOI: 10.1073/pnas.1303273110}
}

@article{Turrigiano2017,
  author = {G. G. Turrigiano},
  title = {The Dialectic of Hebb and Homeostasis},
  journal = {Philosophical Transactions of the Royal Society B},
  volume = {372},
  number = {1715},
  pages = {20160258},
  year = {2017},
  note = {DOI: 10.1098/rstb.2016.0258}
}

@article{Yizhar2011,
  author = {O. Yizhar and others},
  title = {Optogenetics in Neural Systems},
  journal = {Neuron},
  volume = {71},
  number = {1},
  pages = {9--34},
  year = {2011},
  note = {DOI: 10.1016/j.neuron.2011.06.004}
}

@article{Barton2000,
  author = {R. A. Barton and P. H. Harvey},
  title = {Mosaic Evolution of Brain Structure in Mammals},
  journal = {Nature},
  volume = {405},
  number = {6790},
  pages = {1055--1058},
  year = {2000},
  note = {DOI: 10.1038/35016580}
}

@article{Boly2013,
  author = {M. Boly and A. K. Seth and M. Wilke and P. Ingmundson and B. Baars and S. Laureys and D. B. Edelman},
  title = {Consciousness in Humans and Non-human Animals: Recent Advances and Future Directions},
  journal = {Frontiers in Psychology},
  volume = {4},
  pages = {625},
  year = {2013},
  note = {DOI: 10.3389/fpsyg.2013.00625}
}

@article{Clayton2015,
  author = {N. S. Clayton and N. J. Emery},
  title = {Avian Models for Human Cognitive Neuroscience: A Proposal},
  journal = {Neuron},
  volume = {86},
  number = {6},
  pages = {1330--1342},
  year = {2015},
  note = {DOI: 10.1016/j.neuron.2015.05.002}
}

@article{Gunturkun2016,
  author = {O. Güntürkün and T. Bugnyar},
  title = {Cognition Without Cortex},
  journal = {Trends in Cognitive Sciences},
  volume = {20},
  number = {4},
  pages = {291--303},
  year = {2016},
  note = {DOI: 10.1016/j.tics.2016.02.001}
}

@incollection{Jarvis2009,
  author = {E. D. Jarvis},
  title = {Evolution of the Pallium in Birds and Reptiles},
  booktitle = {Encyclopedia of Neuroscience},
  pages = {1390--1400},
  publisher = {Springer},
  year = {2009},
  note = {DOI: 10.1007/978-3-540-29678-2\_3165}
}

@article{Mather2008,
  author = {J. A. Mather},
  title = {Cephalopod Consciousness: Behavioural Evidence},
  journal = {Consciousness and Cognition},
  volume = {17},
  number = {1},
  pages = {37--48},
  year = {2008},
  note = {DOI: 10.1016/j.concog.2006.11.006}
}

@article{Menzel2001,
  author = {R. Menzel and M. Giurfa},
  title = {Cognitive Architecture of a Mini-brain: The Honeybee},
  journal = {Trends in Cognitive Sciences},
  volume = {5},
  number = {2},
  pages = {62--71},
  year = {2001},
  note = {DOI: 10.1016/S1364-6613(00)01601-6}
}

@article{Northcutt2012,
  author = {R. G. Northcutt},
  title = {Evolution of Centralized Nervous Systems: Two Schools of Evolutionary Thought},
  journal = {Proceedings of the National Academy of Sciences},
  volume = {109},
  number = {Supplement 1},
  pages = {10626--10633},
  year = {2012},
  note = {DOI: 10.1073/pnas.1201889109}
}

@article{Panksepp2011,
  author = {J. Panksepp},
  title = {Cross-species Affective Neuroscience Decoding of the Primal Affective Experiences of Humans and Related Animals},
  journal = {PLoS ONE},
  volume = {6},
  number = {9},
  pages = {e21236},
  year = {2011},
  note = {DOI: 10.1371/journal.pone.0021236}
}

@article{Roth2005,
  author = {G. Roth and U. Dicke},
  title = {Evolution of the Brain and Intelligence},
  journal = {Trends in Cognitive Sciences},
  volume = {9},
  number = {5},
  pages = {250--257},
  year = {2005},
  note = {DOI: 10.1016/j.tics.2005.03.005}
}

@article{Striedter2016,
  author = {G. F. Striedter},
  title = {Evolution of the Hippocampus in Reptiles and Birds},
  journal = {Journal of Comparative Neurology},
  volume = {524},
  number = {3},
  pages = {496--517},
  year = {2016},
  note = {DOI: 10.1002/cne.23803}
}

@article{Teyke1989,
  author = {T. Teyke},
  title = {Learning and Remembering in the Octopus Nervous System},
  journal = {Neuroreport},
  volume = {1},
  number = {1},
  pages = {57--60},
  year = {1989},
  note = {DOI: 10.1097/00001756-198901000-00014}
}

@article{Webb2016,
  author = {B. Webb and A. Wystrach},
  title = {Neural Mechanisms of Insect Navigation},
  journal = {Current Opinion in Insect Science},
  volume = {15},
  pages = {27--39},
  year = {2016},
  note = {DOI: 10.1016/j.cois.2016.02.011}
}

@article{Wilczynski2010,
  author = {W. Wilczynski and M. J. Ryan},
  title = {The Behavioral Neuroscience of Anuran Social Signal Processing},
  journal = {Current Opinion in Neurobiology},
  volume = {20},
  number = {6},
  pages = {754--763},
  year = {2010},
  note = {DOI: 10.1016/j.conb.2010.08.021}
}

@article{Lancaster2013,
  author = {M. A. Lancaster and et al.},
  title = {Cerebral organoids model human brain development and microcephaly},
  journal = {Nature},
  volume = {501},
  number = {7467},
  pages = {373-379},
  year = {2013},
  note = {DOI: 10.1038/nature12517}
}

@article{Quadrato2017,
  author = {G. Quadrato and P. Arlotta},
  title = {Present and future of modeling human brain development in 3D organoids},
  journal = {Current Opinion in Cell Biology},
  volume = {49},
  pages = {47-52},
  year = {2017},
  note = {DOI: 10.1016/j.ceb.2017.12.007}
}

@article{Pasca2018,
  author = {S. P. Paşca},
  title = {The rise of three-dimensional human brain cultures},
  journal = {Nature},
  volume = {553},
  number = {7689},
  pages = {437-445},
  year = {2018},
  note = {DOI: 10.1038/nature25032}
}

@article{MacLennan2009,
  author = {B. J. MacLennan},
  title = {Molecular coordination in living systems: Foundations for bio-chemical computing},
  journal = {International Journal of Unconventional Computing},
  volume = {5},
  number = {3-4},
  pages = {193-206},
  year = {2009},
  note = {ISSN: 1548-7199}
}

@book{Adamatzky2016,
  author = {A. Adamatzky},
  title = {Advances in Physarum Machines: Sensing and Computing with Slime Mould},
  publisher = {Springer},
  year = {2016},
  note = {ISBN: 9783319266619}
}

@article{Conrad1995,
  author = {M. Conrad},
  title = {Scaling of efficiency in programmable and non-programmable systems},
  journal = {Biosystems},
  volume = {35},
  number = {2-3},
  pages = {161-166},
  year = {1995},
  note = {DOI: 10.1016/0303-2647(95)01542-2}
}

@article{Levin2018,
  author = {M. Levin and C. J. Martyniuk},
  title = {The bioelectric code: An ancient computational medium for dynamic control of growth and form},
  journal = {Biosystems},
  volume = {164},
  pages = {76-93},
  year = {2018},
  note = {DOI: 10.1016/j.biosystems.2017.08.009}
}

@article{Pietak2017,
  author = {A. Pietak and M. Levin},
  title = {Exploring instructive physiological signaling with the bioelectric tissue simulation engine},
  journal = {Frontiers in Bioengineering and Biotechnology},
  volume = {5},
  pages = {21},
  year = {2017},
  note = {DOI: 10.3389/fbioe.2017.00021}
}

@article{Merolla2014,
  author = {P. A. Merolla and et al.},
  title = {A million spiking-neuron integrated circuit with a scalable communication network and interface},
  journal = {Science},
  volume = {345},
  number = {6197},
  pages = {668-673},
  year = {2014},
  note = {DOI: 10.1126/science.1254642}
}

@article{DeMarse2005,
  author = {T. B. DeMarse and K. P. Dockendorf},
  title = {Adaptive flight control with living neuronal networks on microelectrode arrays},
  journal = {IEEE Transactions on Biomedical Engineering},
  volume = {52},
  number = {6},
  pages = {1089-1098},
  year = {2005},
  note = {DOI: 10.1109/TBME.2005.847544}
}

@article{Lavazza2018,
  author = {A. Lavazza and M. Massimini},
  title = {Cerebral organoids: Ethical issues and consciousness assessment},
  journal = {Journal of Medical Ethics},
  volume = {44},
  number = {9},
  pages = {606-610},
  year = {2018},
  note = {DOI: 10.1136/medethics-2017-104555}
}

@article{Farahany2018,
  author = {N. A. Farahany and et al.},
  title = {The ethics of experimenting with human brain tissue},
  journal = {Nature},
  volume = {556},
  number = {7702},
  pages = {429-432},
  year = {2018},
  note = {DOI: 10.1038/d41586-018-04813-x}
}

@article{Zhang2016,
  author = {S. Zhang},
  title = {Integrated systems approach reveals biological networks},
  journal = {Nature Methods},
  volume = {13},
  number = {8},
  pages = {661-663},
  year = {2016},
  note = {DOI: 10.1038/nmeth.3930}
}

@article{Krishnan2019,
  author = {R. Krishnan and et al.},
  title = {Scale and consciousness: Integration through physical substrates},
  journal = {Neuroscience of Consciousness},
  volume = {2019},
  number = {1},
  pages = {niz016},
  year = {2019},
  note = {DOI: 10.1093/nc/niz016}
}

@article{Saha2020,
  author = {S. Saha and H. Garden},
  title = {Organoid and Assembloid Technologies for Investigating Neural Development and Disease Mechanisms},
  journal = {OECD Science, Technology and Industry Working Papers},
  year = {2020},
  note = {DOI: 10.1787/23074957}
}

@article{TangSchomer2014,
  author = {M. D. Tang-Schomer and et al.},
  title = {Bioengineered functional brain-like cortical tissue},
  journal = {Proceedings of the National Academy of Sciences},
  volume = {111},
  number = {38},
  pages = {13811-13816},
  year = {2014},
  note = {DOI: 10.1073/pnas.1324214111}
}

@article{Dehaene2014,
  author = {S. Dehaene and et al.},
  title = {Toward a computational theory of conscious processing},
  journal = {Current Opinion in Neurobiology},
  volume = {25},
  pages = {76--84},
  year = {2014},
  note = {DOI: 10.1016/j.conb.2013.12.005}
}

@article{Koch2016,
  author = {C. Koch and M. Massimini and M. Boly and G. Tononi},
  title = {Neural correlates of consciousness: Progress and problems},
  journal = {Nature Reviews Neuroscience},
  volume = {17},
  number = {5},
  pages = {307--321},
  year = {2016},
  note = {DOI: 10.1038/nrn.2016.22}
}

@article{Mashour2018,
  author = {G. A. Mashour and A. G. Hudetz},
  title = {Neural correlates of unconsciousness in large-scale brain networks},
  journal = {Trends in Neurosciences},
  volume = {41},
  number = {3},
  pages = {150--160},
  year = {2018},
  note = {DOI: 10.1016/j.tins.2018.01.003}
}

@article{Lake2016,
  author = {B. B. Lake and R. Ai and T. Kaeser and S. Salathia and F. Fan and Y. Zhang and J. Yang and H. Yao and W. Wang and K. Li and J. Shalek and J. Neff and J. Lasken and M. McCarroll and C. Fan},
  title = {Neuronal Subtypes and Diversity Revealed by Single-Nucleus RNA Sequencing of the Human Brain},
  journal = {Science},
  volume = {352},
  number = {6293},
  pages = {1586--1590},
  year = {2016},
  note = {DOI: 10.1126/science.aaf1204}
}

@article{Tasic2018,
  author = {B. Tasic and et al.},
  title = {Shared and distinct transcriptomic cell types across neocortical areas},
  journal = {Nature},
  volume = {563},
  number = {7729},
  pages = {72--78},
  year = {2018},
  note = {DOI: 10.1038/s41586-018-0654-5}
}

@article{Zeng2017,
  author = {H. Zeng and J. R. Sanes},
  title = {Neuronal cell-type classification: Challenges, opportunities and the path forward},
  journal = {Nature Reviews Neuroscience},
  volume = {18},
  number = {9},
  pages = {530--546},
  year = {2017},
  note = {DOI: 10.1038/nrn.2017.85}
}

@article{DehaeneLambertz2015,
  author = {G. Dehaene-Lambertz and E. S. Spelke},
  title = {The infants' building blocks of brain and cognition},
  journal = {Science},
  volume = {350},
  number = {6256},
  pages = {1819--1820},
  year = {2015},
  note = {DOI: 10.1126/science.aad5868}
}

@article{Kouider2009,
  author = {S. Kouider and S. Dehaene},
  title = {Subliminal number priming within and across the visual and auditory modalities},
  journal = {Experimental Psychology},
  volume = {56},
  number = {6},
  pages = {418--433},
  year = {2009},
  note = {DOI: 10.1027/1618-3169.56.6.418}
}

@article{Vanderwert2014,
  author = {R. E. Vanderwert and C. A. Nelson},
  title = {The development of the human brain and consciousness},
  journal = {Journal of Consciousness Studies},
  volume = {21},
  number = {7--8},
  pages = {209--230},
  year = {2014}
}

@article{Casali2013,
  author = {A. G. Casali and et al.},
  title = {A theoretically based index of consciousness independent of sensory processing and behavior},
  journal = {Science Translational Medicine},
  volume = {5},
  number = {198},
  pages = {198ra105},
  year = {2013},
  note = {DOI: 10.1126/scitranslmed.3006294}
}

@article{Owen2013,
  author = {A. M. Owen},
  title = {Detecting consciousness: A unique role for neuroimaging},
  journal = {Annual Review of Psychology},
  volume = {64},
  pages = {109--133},
  year = {2013},
  note = {DOI: 10.1146/annurev-psych-113011-143729}
}

@article{Giacino2014,
  author = {J. T. Giacino and J. J. Fins and S. Laureys and N. D. Schiff},
  title = {Disorders of consciousness after acquired brain injury: The state of the science},
  journal = {Nature Reviews Neurology},
  volume = {10},
  number = {2},
  pages = {99--114},
  year = {2014},
  note = {DOI: 10.1038/nrneurol.2013.279}
}

@article{Baars2013,
  author = {B. J. Baars and S. Franklin and T. Z. Ramsoy},
  title = {Global workspace dynamics: Cortical "binding and propagation" enables conscious contents},
  journal = {Frontiers in Psychology},
  volume = {4},
  pages = {200},
  year = {2013},
  note = {DOI: 10.3389/fpsyg.2013.00200}
}

@article{Seth2010,
  author = {A. K. Seth},
  title = {The grand challenge of consciousness},
  journal = {Frontiers in Psychology},
  volume = {1},
  pages = {5},
  year = {2010},
  note = {DOI: 10.3389/fpsyg.2010.00005}
}

@article{Tsuchiya2015,
  author = {N. Tsuchiya and M. Wilke and S. Frässle and V. A. Lamme},
  title = {No-report paradigms: Extracting the true neural correlates of consciousness},
  journal = {Trends in Cognitive Sciences},
  volume = {19},
  number = {12},
  pages = {757--770},
  year = {2015},
  note = {DOI: 10.1016/j.tics.2015.10.002}
}

@article{Tononi2016,
  author = {G. Tononi and M. Boly and M. Massimini and C. Koch},
  title = {Integrated information theory: From consciousness to its physical substrate},
  journal = {Nature Reviews Neuroscience},
  volume = {17},
  number = {7},
  pages = {450--461},
  year = {2016},
  note = {DOI: 10.1038/nrn.2016.44}
}

@article{Barrett2011,
  author = {A. B. Barrett and A. K. Seth},
  title = {Practical measures of integrated information for time-series data},
  journal = {PLoS Computational Biology},
  volume = {7},
  number = {1},
  pages = {e1001052},
  year = {2011},
  note = {DOI: 10.1371/journal.pcbi.1001052}
}