@book{ingold2011being,
  title={Being Alive: Essays on Movement, Knowledge and Description},
  author={Ingold, Tim},
  year={2011},
  publisher={Routledge},
  note={ISBN: 9780415576840}
}

@book{strathern2004partial,
  title={Partial Connections},
  author={Strathern, Marilyn},
  year={2004},
  publisher={AltaMira Press},
  note={ISBN: 9780759105066}
}

@book{latour2005reassembling,
  title={Reassembling the Social: An Introduction to Actor-Network-Theory},
  author={Latour, Bruno},
  year={2005},
  publisher={Oxford University Press},
  note={ISBN: 9780199256051}
}

@book{rappaport1979ecology,
  title={Ecology, Meaning, and Religion},
  author={Rappaport, Roy A.},
  year={1979},
  publisher={North Atlantic Books},
  note={ISBN: 9780913028963}
}

@book{jackson1989paths,
  title={Paths Toward a Clearing: Radical Empiricism and Ethnographic Inquiry},
  author={Jackson, Michael},
  year={1989},
  publisher={Indiana University Press},
  note={ISBN: 9780253205244}
}

@article{kapferer2004ritual,
  title={Ritual Dynamics and Virtual Practice},
  author={Kapferer, Bruce},
  journal={Social Analysis},
  volume={48},
  number={2},
  pages={35--54},
  year={2004},
  publisher={Berghahn Books},
  note={DOI: 10.3167/015597704782352731}
}

@book{miller2005materiality,
  title={Materiality},
  author={Miller, Daniel},
  year={2005},
  publisher={Duke University Press},
  note={ISBN: 9780822335220}
}

@book{kohn2013how,
  title={How Forests Think: Toward an Anthropology Beyond the Human},
  author={Kohn, Eduardo},
  year={2013},
  publisher={University of California Press},
  note={ISBN: 9780520276109}
}

@book{tsing2015mushroom,
  title={The Mushroom at the End of the World: On the Possibility of Life in Capitalist Ruins},
  author={Tsing, Anna Lowenhaupt},
  year={2015},
  publisher={Princeton University Press},
  note={ISBN: 9780691162751}
}

@book{foucault1980power,
  title={Power/Knowledge: Selected Interviews and Other Writings, 1972-1977},
  author={Foucault, Michel},
  year={1980},
  publisher={Pantheon Books},
  note={ISBN: 9780394513577}
}

@book{hayles2017unthought,
  title={Unthought: The Power of the Cognitive Nonconscious},
  author={Hayles, N. Katherine},
  year={2017},
  publisher={University of Chicago Press},
  note={ISBN: 9780226447889}
}

@book{suchman2007human,
  title={Human-Machine Reconfigurations: Plans and Situated Actions},
  author={Suchman, Lucy},
  year={2007},
  publisher={Cambridge University Press},
  note={ISBN: 9780521675888}
}

@book{appadurai1996modernity,
  title={Modernity at Large: Cultural Dimensions of Globalization},
  author={Appadurai, Arjun},
  year={1996},
  publisher={University of Minnesota Press},
  note={ISBN: 9780816627936}
}

@book{hannerz1996transnational,
  title={Transnational Connections: Culture, People, Places},
  author={Hannerz, Ulf},
  year={1996},
  publisher={Routledge},
  note={ISBN: 9780415144087}
}

@book{ong2006neoliberalism,
  title={Neoliberalism as Exception: Mutations in Citizenship and Sovereignty},
  author={Ong, Aihwa},
  year={2006},
  publisher={Duke University Press},
  note={ISBN: 9780822337484}
}

@article{harnad1990symbol,
  title = {The Symbol Grounding Problem},
  author = {Harnad, Stevan},
  journal = {Physica D: Nonlinear Phenomena},
  volume = {42},
  number = {1-3},
  pages = {335--346},
  year = {1990},
  note = {DOI: 10.1016/0167-2789(90)90087-6}
}

@book{lakoff1999philosophy,
  title = {Philosophy in the Flesh: The Embodied Mind and its Challenge to Western Thought},
  author = {Lakoff, George and Johnson, Mark},
  year = {1999},
  publisher = {Basic Books},
  note = {ISBN: 9780465056743}
}

@article{keane2003semiotics,
  title = {Semiotics and the Social Analysis of Material Things},
  author = {Keane, Webb},
  journal = {Language \& Communication},
  volume = {23},
  number = {3-4},
  pages = {409--425},
  year = {2003},
  note = {DOI: 10.1016/S0271-5309(03)00010-7}
}

@book{bloch2012anthropology,
  title = {Anthropology and the Cognitive Challenge},
  author = {Bloch, Maurice},
  year = {2012},
  publisher = {Cambridge University Press},
  note = {ISBN: 9781107693493}
}

@book{dandrade1995development,
  title = {The Development of Cognitive Anthropology},
  author = {D'Andrade, Roy},
  year = {1995},
  publisher = {Cambridge University Press},
  note = {ISBN: 9780521459761}
}

@article{csordas1990embodiment,
  title = {Embodiment as a Paradigm for Anthropology},
  author = {Csordas, Thomas J.},
  journal = {Ethos},
  volume = {18},
  number = {1},
  pages = {5--47},
  year = {1990},
  note = {DOI: 10.1525/eth.1990.18.1.02a00010}
}

@book{eliade1959sacred,
  title = {The Sacred and the Profane: The Nature of Religion},
  author = {Eliade, Mircea},
  year = {1959},
  publisher = {Harcourt},
  note = {ISBN: 9780156792011}
}

@book{boyer1994naturalness,
  title = {The Naturalness of Religious Ideas: A Cognitive Theory of Religion},
  author = {Boyer, Pascal},
  year = {1994},
  publisher = {University of California Press},
  note = {ISBN: 9780521425933}
}

@book{tomasello1999cultural,
  title = {The Cultural Origins of Human Cognition},
  author = {Tomasello, Michael},
  year = {1999},
  publisher = {Harvard University Press},
  note = {ISBN: 9780674005822}
}

@book{jackson1996things,
  title = {Things as They Are: New Directions in Phenomenological Anthropology},
  author = {Jackson, Michael},
  year = {1996},
  publisher = {Indiana University Press},
  note = {ISBN: 9780253210432}
}

@book{merleau1962phenomenology,
  title = {Phenomenology of Perception},
  author = {Merleau-Ponty, Maurice},
  year = {1962},
  publisher = {Routledge},
  note = {ISBN: 9780415834339}
}

@article{throop2003articulating,
  title = {Articulating Experience},
  author = {Throop, C. Jason},
  journal = {Anthropological Theory},
  volume = {3},
  number = {2},
  pages = {219--241},
  year = {2003},
  note = {DOI: 10.1177/1463499603003002006}
}

@book{ellen2016cultural,
  title = {The Cultural Relations of Classification: An Analysis of Nuaulu Animal Categories from Central Seram},
  author = {Ellen, Roy F.},
  year = {2016},
  publisher = {Cambridge University Press},
  note = {ISBN: 9781107159142}
}

@book{levi1966savage,
  title = {The Savage Mind},
  author = {L{\'e}vi-Strauss, Claude},
  year = {1966},
  publisher = {University of Chicago Press},
  note = {ISBN: 9780226474849}
}

@book{scott1998seeing,
  title = {Seeing Like a State: How Certain Schemes to Improve the Human Condition Have Failed},
  author = {Scott, James C.},
  year = {1998},
  publisher = {Yale University Press},
  note = {ISBN: 9780300078152}
}

@book{latour1999pandora,
  title = {Pandora's Hope: Essays on the Reality of Science Studies},
  author = {Latour, Bruno},
  year = {1999},
  publisher = {Harvard University Press},
  note = {ISBN: 9780674653368}
}

@book{wolf1999envisioning,
  title = {Envisioning Power: Ideologies of Dominance and Crisis},
  author = {Wolf, Eric R.},
  year = {1999},
  publisher = {University of California Press},
  note = {ISBN: 9780520216037}
}

@article{barsalou1999perceptual,
  title={Perceptual symbol systems},
  author={Barsalou, Lawrence W.},
  journal={Behavioral and Brain Sciences},
  volume={22},
  number={4},
  pages={577--660},
  year={1999},
  publisher={Cambridge University Press},
  note={DOI: 10.1017/S0140525X99002149}
}

@book{deacon1997symbolic,
  title={The Symbolic Species: The Co-evolution of Language and the Brain},
  author={Deacon, Terrence W.},
  year={1997},
  publisher={W.W. Norton \& Company},
  note={ISBN: 9780393038385}
}

@book{peirce1931collected,
  title={Collected Papers of Charles Sanders Peirce},
  author={Peirce, Charles Sanders},
  year={1931},
  publisher={Harvard University Press},
  note={ISBN: 9780674138001}
}

@book{quine1960word,
  title={Word and Object},
  author={Quine, Willard Van Orman},
  year={1960},
  publisher={MIT Press},
  note={ISBN: 9780262670012}
}

@article{searle1980minds,
  title={Minds, Brains, and Programs},
  author={Searle, John R.},
  journal={Behavioral and Brain Sciences},
  volume={3},
  number={3},
  pages={417--457},
  year={1980},
  publisher={Cambridge University Press},
  note={DOI: 10.1017/S0140525X00005756}
}

@book{saussure1983course,
  title={Course in General Linguistics},
  author={de Saussure, Ferdinand},
  year={1916},
  translator={Harris, Roy},
  publisher={Open Court},
  note={ISBN: 9780812690231}
}

@book{armstrong1981powers,
  title = {The Powers of Presence: Consciousness, Myth, and Affecting Presence},
  author = {Armstrong, Robert Plant},
  year = {1981},
  publisher = {University of Pennsylvania Press},
  note = {ISBN: 9780812277975}
}

@book{bateson1972steps,
  title = {Steps to an Ecology of Mind: Collected Essays in Anthropology, Psychiatry, Evolution, and Epistemology},
  author = {Bateson, Gregory},
  year = {1972},
  publisher = {University of Chicago Press},
  note = {ISBN: 9780226039053}
}

@book{geertz1973interpretation,
  title = {The Interpretation of Cultures},
  author = {Geertz, Clifford},
  year = {1973},
  publisher = {Basic Books},
  note = {ISBN: 9780465097197}
}

@book{jung1968archetypes,
  title = {The Archetypes and the Collective Unconscious},
  author = {Jung, Carl Gustav},
  year = {1968},
  publisher = {Princeton University Press},
  note = {ISBN: 9780691018331}
}

@book{levistrauss1963structural,
  title = {Structural Anthropology},
  author = {L{\'e}vi-Strauss, Claude},
  year = {1963},
  publisher = {Basic Books},
  note = {ISBN: 9780465095162}
}

@book{shore1996culture,
  title = {Culture in Mind: Cognition, Culture, and the Problem of Meaning},
  author = {Shore, Bradd},
  year = {1996},
  publisher = {Oxford University Press},
  note = {ISBN: 9780195095975}
}

@book{wagner1981invention,
  title = {The Invention of Culture},
  author = {Wagner, Roy},
  year = {1981},
  publisher = {University of Chicago Press},
  note = {ISBN: 9780226869391}
}

@book{bourdieu1977outline,
  title={Outline of a Theory of Practice},
  author={Bourdieu, Pierre},
  year={1977},
  publisher={Cambridge University Press},
  address={Cambridge},
  note={ISBN: 9780521291644}
}

@book{csordas1994embodiment,
  title={Embodiment and Experience: The Existential Ground of Culture and Self},
  author={Csordas, Thomas J.},
  year={1994},
  publisher={Cambridge University Press},
  address={Cambridge},
  note={ISBN: 9780521458900}
}

@book{goffman1967interaction,
  title={Interaction Ritual: Essays on Face-to-Face Behavior},
  author={Goffman, Erving},
  year={1967},
  publisher={Pantheon Books},
  address={New York},
  note={ISBN: 9780394706313}
}

@book{hutchins1995cognition,
  title={Cognition in the Wild},
  author={Hutchins, Edwin},
  year={1995},
  publisher={MIT Press},
  address={Cambridge, MA},
  note={ISBN: 9780262581462}
}

@article{mauss1973techniques,
  title={Techniques of the Body},
  author={Mauss, Marcel},
  year={1973},
  note={Original work published 1935; DOI: 10.1080/03085147300000003},
  journal={Economy and Society},
  volume={2},
  number={1},
  pages={70--88}
}

@book{mcneill1995keeping,
  title={Keeping Together in Time: Dance and Drill in Human History},
  author={McNeill, William H.},
  year={1995},
  publisher={Harvard University Press},
  address={Cambridge, MA},
  note={ISBN: 9780674502306}
}

@book{merleau2012phenomenology,
  title={Phenomenology of Perception},
  author={Merleau-Ponty, Maurice},
  year={2012},
  note={Original work published 1945; ISBN: 9780415558693},
  publisher={Routledge},
  address={London}
}

@book{schutz1967phenomenology,
  title={The Phenomenology of the Social World},
  author={Schutz, Alfred},
  year={1967},
  publisher={Northwestern University Press},
  address={Evanston, IL},
  note={ISBN: 9780810103908}
}

@article{thompson2001radical,
  title={Radical Embodiment: Neural Dynamics and Consciousness},
  author={Thompson, Evan and Varela, Francisco J.},
  journal={Trends in Cognitive Sciences},
  volume={5},
  number={10},
  pages={418--425},
  year={2001},
  note={DOI: 10.1016/S1364-6613(00)01750-2}
}

@book{bateson1979mind,
  title={Mind and Nature: A Necessary Unity},
  author={Bateson, Gregory},
  year={1979},
  publisher={Dutton},
  note={ISBN: 978-0525155904}
}

@book{boyer2001religion,
  title={Religion Explained: The Evolutionary Origins of Religious Thought},
  author={Boyer, Pascal},
  year={2001},
  publisher={Basic Books},
  note={ISBN: 978-0465006960}
}

@book{deacon2011incomplete,
  title={Incomplete Nature: How Mind Emerged from Matter},
  author={Deacon, Terrence W.},
  year={2011},
  publisher={W.W. Norton \& Company},
  note={ISBN: 978-0393049916}
}

@book{evans1937witchcraft,
  title={Witchcraft, Oracles and Magic Among the Azande},
  author={Evans-Pritchard, Edward Evan},
  year={1937},
  publisher={Oxford University Press},
  note={ISBN: 978-0198740292}
}

@book{godelier1986mental,
  title={The Mental and the Material: Thought, Economy and Society},
  author={Godelier, Maurice},
  year={1986},
  publisher={Verso},
  note={ISBN: 978-0860918430}
}

@book{laughlin1992brain,
  title={Brain, Symbol and Experience: Toward a Neurophenomenology of Human Consciousness},
  author={Laughlin, Charles D. and McManus, John and d'Aquili, Eugene G.},
  year={1992},
  publisher={Columbia University Press},
  note={ISBN: 978-0231070120}
}

@book{levi1985how,
  title={How Natives Think},
  author={L{\'e}vi-Bruhl, Lucien},
  year={1985},
  note={Original work published 1926},
  publisher={Princeton University Press},
  note={ISBN: 978-0691024817}
}

@book{piaget1971structuralism,
  title={Structuralism},
  author={Piaget, Jean},
  year={1971},
  publisher={Routledge \& Kegan Paul},
  note={ISBN: 978-0465095452}
}

@book{sperber1996explaining,
  title={Explaining Culture: A Naturalistic Approach},
  author={Sperber, Dan},
  year={1996},
  publisher={Blackwell Publishers},
  note={ISBN: 978-0631200452}
}

@book{descola2005beyond,
  title={Beyond Nature and Culture},
  author={Descola, Philippe},
  year={2005},
  publisher={University of Chicago Press},
  note={ISBN: 9780226145006}
}

@article{fortun2014latour,
  title={From Latour to Late Industrialism},
  author={Fortun, Kim},
  journal={HAU: Journal of Ethnographic Theory},
  volume={4},
  number={1},
  pages={309--329},
  year={2014},
  note={DOI: 10.14318/hau4.1.017}
}

@book{haraway2003companion,
  title={The Companion Species Manifesto: Dogs, People, and Significant Otherness},
  author={Haraway, Donna J.},
  year={2003},
  publisher={Prickly Paradigm Press},
  note={ISBN: 9780971757585}
}

@book{latour1993modern,
  title={We Have Never Been Modern},
  author={Latour, Bruno},
  year={1993},
  publisher={Harvard University Press},
  note={ISBN: 9780674948396}
}

@book{palsson2015nature,
  title={Nature, Culture and Society: Anthropological Perspectives on Life},
  author={Pálsson, Gísli},
  year={2015},
  publisher={Cambridge University Press},
  note={ISBN: 9781107028105}
}

@book{rappaport1999ritual,
  title={Ritual and Religion in the Making of Humanity},
  author={Rappaport, Roy A.},
  year={1999},
  publisher={Cambridge University Press},
  note={ISBN: 9780521296908}
}

@book{strathern1980nature,
  title={Nature, Culture and Gender},
  author={Strathern, Marilyn},
  year={1980},
  publisher={Cambridge University Press},
  note={ISBN: 9780521297080}
}

@article{bunn1999nomads,
  title={The Nomad's Apprentice: Material Culture and Embodied Knowledge in a Central Asian Craft Tradition},
  author={Bunn, Stephanie},
  journal={Journal of Material Culture},
  volume={4},
  number={1},
  pages={51--75},
  year={1999},
  note={DOI: 10.1177/135918359900400103}
}

@article{goodwin1994professional,
  title={Professional Vision},
  author={Goodwin, Charles},
  journal={American Anthropologist},
  volume={96},
  number={3},
  pages={606--633},
  year={1994},
  note={DOI: 10.1525/aa.1994.96.3.02a00100}
}

@book{howes2003sensual,
  title={Sensual Relations: Engaging the Senses in Culture and Social Theory},
  author={Howes, David},
  year={2003},
  publisher={University of Michigan Press},
  note={ISBN: 9780472030464}
}

@book{ingold2013making,
  title={Making: Anthropology, Archaeology, Art and Architecture},
  author={Ingold, Tim},
  year={2013},
  publisher={Routledge},
  note={ISBN: 9780415567237}
}

@article{jackson1989knowledge,
  title={Knowledge of the Body},
  author={Jackson, Michael},
  journal={Man},
  volume={18},
  number={2},
  pages={327--345},
  year={1989},
  note={DOI: 10.2307/2802965}
}

@article{marchand2010making,
  title={Making Knowledge: Explorations of the Indissoluble Relation Between Mind, Body, and Environment},
  author={Marchand, Trevor H. J.},
  journal={Journal of the Royal Anthropological Institute},
  volume={16},
  number={s1},
  pages={S1--S21},
  year={2010},
  note={DOI: 10.1111/j.1467-9655.2010.01610.x}
}

@article{mauss1935techniques,
  title={Techniques of the Body},
  author={Mauss, Marcel},
  journal={Economy and Society},
  volume={2},
  number={1},
  pages={70--88},
  year={1935},
  note={DOI: 10.1080/03085147300000003}
}

@book{myers2015rendering,
  title={Rendering Life Molecular: Models, Modelers, and Excitable Matter},
  author={Myers, Natasha},
  year={2015},
  publisher={Duke University Press},
  note={ISBN: 9780822358995}
}

@book{toren1999mind,
  title={Mind, Materiality and History: Explorations in Fijian Ethnography},
  author={Toren, Christina},
  year={1999},
  publisher={Routledge},
  note={ISBN: 9780415207706}
}

@article{warnier2001praxeological,
  title={A Praxeological Approach to Subjectivation in a Material World},
  author={Warnier, Jean-Pierre},
  journal={Journal of Material Culture},
  volume={6},
  number={1},
  pages={5--24},
  year={2001},
  note={DOI: 10.1177/135918350100600101}
}

@incollection{casey1996space,
  title={How to Get from Space to Place in a Fairly Short Stretch of Time: Phenomenological Prolegomena},
  author={Casey, Edward S.},
  booktitle={Senses of Place},
  editor={Feld, Steven and Basso, Keith H.},
  pages={13--52},
  year={1996},
  publisher={School of American Research Press}
}

@article{csordas1993somatic,
  title={Somatic Modes of Attention},
  author={Csordas, Thomas J.},
  journal={Cultural Anthropology},
  volume={8},
  number={2},
  pages={135--156},
  year={1993},
  note={DOI: 10.1525/can.1993.8.2.02a00010}
}

@book{leder1990absent,
  title={The Absent Body},
  author={Leder, Drew},
  year={1990},
  publisher={University of Chicago Press},
  note={ISBN: 9780226469997}
}

@book{merleau1968visible,
  title={The Visible and the Invisible},
  author={Merleau-Ponty, Maurice},
  year={1968},
  publisher={Northwestern University Press},
  note={ISBN: 9780810104573}
}

@article{schutz1945multiple,
  title={On Multiple Realities},
  author={Schutz, Alfred},
  journal={Philosophy and Phenomenological Research},
  volume={5},
  number={4},
  pages={533--576},
  year={1945},
  note={DOI: 10.2307/2102818}
}

@book{serres1995natural,
  title={The Natural Contract},
  author={Serres, Michel},
  year={1995},
  publisher={University of Michigan Press},
  note={ISBN: 9780472065496}
}

@book{thompson2007mind,
  title={Mind in Life: Biology, Phenomenology, and the Sciences of Mind},
  author={Thompson, Evan},
  year={2007},
  publisher={Harvard University Press},
  note={ISBN: 9780674057517}
}

@book{varela1991embodied,
  title={The Embodied Mind: Cognitive Science and Human Experience},
  author={Varela, Francisco J. and Thompson, Evan and Rosch, Eleanor},
  year={1991},
  publisher={MIT Press},
  note={ISBN: 9780262720212}
}

@book{zahavi2003husserl,
  title={Husserl's Phenomenology},
  author={Zahavi, Dan},
  year={2003},
  publisher={Stanford University Press},
  note={ISBN: 9780804745468}
}

@book{bloch1989ritual,
  title={Ritual, History and Power: Selected Papers in Anthropology},
  author={Bloch, Maurice},
  year={1989},
  publisher={Athlone Press},
  note={ISBN: 9780485195637}
}

@book{collins2004interaction,
  title={Interaction Ritual Chains},
  author={Collins, Randall},
  year={2004},
  publisher={Princeton University Press},
  note={ISBN: 9780691123898}
}

@book{durkheim1995elementary,
  title={The Elementary Forms of Religious Life},
  author={Durkheim, Emile},
  year={1912},
  note={1995 edition, ISBN: 9780029079379},
  publisher={Free Press}
}

@book{houseman1998naven,
  title={Naven or the Other Self: A Relational Approach to Ritual Action},
  author={Houseman, Michael and Severi, Carlo},
  year={1998},
  publisher={Brill},
  note={ISBN: 9789004109408}
}

@book{kapferer1997feast,
  title={The Feast of the Sorcerer: Practices of Consciousness and Power},
  author={Kapferer, Bruce},
  year={1997},
  publisher={University of Chicago Press},
  note={ISBN: 9780226424119}
}

@book{winkelman2010shamanism,
  title={Shamanism: A Biopsychosocial Paradigm of Consciousness and Healing},
  author={Winkelman, Michael},
  year={2010},
  publisher={Praeger},
  note={ISBN: 9780313381814}
}

@book{xygalatas2013burning,
  title={The Burning Saints: Cognition and Culture in the Fire-walking Rituals of the Anastenaria},
  author={Xygalatas, Dimitris},
  year={2013},
  publisher={Routledge},
  note={ISBN: 9781844657465}
}

@book{carsten2004after,
  title={After Kinship},
  author={Carsten, Janet},
  year={2004},
  publisher={Cambridge University Press},
  note={ISBN: 978-0521665704}
}

@book{godelier2011metamorphoses,
  title={The Metamorphoses of Kinship},
  author={Godelier, Maurice},
  year={2011},
  publisher={Verso Books},
  note={ISBN: 978-1844677465}
}

@book{sahlins2013what,
  title={What Kinship Is---And Is Not},
  author={Sahlins, Marshall},
  year={2013},
  publisher={University of Chicago Press},
  note={ISBN: 978-0226925134}
}

@book{strathern1992after,
  title={After Nature: English Kinship in the Late Twentieth Century},
  author={Strathern, Marilyn},
  year={1992},
  publisher={Cambridge University Press},
  note={ISBN: 978-0521426800}
}

@book{carsten2000cultures,
  title={Cultures of Relatedness: New Approaches to the Study of Kinship},
  author={Carsten, Janet},
  year={2000},
  publisher={Cambridge University Press},
  note={ISBN: 978-0521656276}
}

@book{franklin2013biological,
  title={Biological Relatives: IVF, Stem Cells, and the Future of Kinship},
  author={Franklin, Sarah},
  year={2013},
  publisher={Duke University Press},
  note={ISBN: 978-0822355151}
}

@book{mckinnon2005neoliberal,
  title={Neo-liberal Genetics: The Myths and Moral Tales of Evolutionary Psychology},
  author={McKinnon, Susan},
  year={2005},
  publisher={Prickly Paradigm Press},
  note={ISBN: 978-0976147525}
}

@book{schneider1984critique,
  title={A Critique of the Study of Kinship},
  author={Schneider, David M.},
  year={1984},
  publisher={University of Michigan Press},
  note={ISBN: 978-0472080410}
}

@book{yanagisako1995naturalizing,
  title={Naturalizing Power: Essays in Feminist Cultural Analysis},
  author={Yanagisako, Sylvia and Delaney, Carol},
  year={1995},
  publisher={Routledge},
  note={ISBN: 978-0415910245}
}

@article{wilson2016kinship,
  title={Kinship Past, Kinship Present: Bio-Essentialism in the Study of Kinship},
  author={Wilson, Robert A.},
  journal={American Anthropologist},
  volume={118},
  number={3},
  pages={570--584},
  year={2016},
  note={DOI: 10.1111/aman.12607}
}

@book{appadurai1986social,
  title={The Social Life of Things: Commodities in Cultural Perspective},
  author={Appadurai, Arjun},
  year={1986},
  publisher={Cambridge University Press},
  note={ISBN: 9780521357265}
}

@article{bohannan1959impact,
  title={The Impact of Money on an African Subsistence Economy},
  author={Bohannan, Paul},
  journal={The Journal of Economic History},
  volume={19},
  number={4},
  pages={491--503},
  year={1959},
  note={DOI: 10.1017/S0022050700086350}
}

@book{graeber2001toward,
  title={Toward an Anthropological Theory of Value: The False Coin of Our Own Dreams},
  author={Graeber, David},
  year={2001},
  publisher={Palgrave},
  note={ISBN: 9780312240455}
}

@book{guyer2004marginal,
  title={Marginal Gains: Monetary Transactions in Atlantic Africa},
  author={Guyer, Jane I.},
  year={2004},
  publisher={University of Chicago Press},
  note={ISBN: 9780226311159}
}

@book{hart2000memory,
  title={The Memory Bank: Money in an Unequal World},
  author={Hart, Keith},
  year={2000},
  publisher={Profile Books},
  note={ISBN: 9781861972086}
}

@book{malinowski1922argonauts,
  title={Argonauts of the Western Pacific},
  author={Malinowski, Bronislaw},
  year={1922},
  publisher={Routledge},
  note={ISBN: 9780415262490}
}

@book{maurer2015how,
  title={How Would You Like to Pay? How Technology Is Changing the Future of Money},
  author={Maurer, Bill},
  year={2015},
  publisher={Duke University Press},
  note={ISBN: 9780822359561}
}

@book{polanyi1944great,
  title={The Great Transformation: The Political and Economic Origins of Our Time},
  author={Polanyi, Karl},
  year={1944},
  publisher={Beacon Press},
  note={ISBN: 9780807056431}
}

@book{schull2012addiction,
  title={Addiction by Design: Machine Gambling in Las Vegas},
  author={Sch{\"u}ll, Natasha Dow},
  year={2012},
  publisher={Princeton University Press},
  note={ISBN: 9780691127552}
}

@book{taussig1980devil,
  title={The Devil and Commodity Fetishism in South America},
  author={Taussig, Michael},
  year={1980},
  publisher={University of North Carolina Press},
  note={ISBN: 9780807898413}
}

@article{thompson1971moral,
  title={The Moral Economy of the English Crowd in the Eighteenth Century},
  author={Thompson, E.P.},
  journal={Past \& Present},
  volume={50},
  pages={76--136},
  year={1971},
  note={DOI: 10.1093/past/50.1.76}
}

@book{weiner1992inalienable,
  title={Inalienable Possessions: The Paradox of Keeping-While-Giving},
  author={Weiner, Annette},
  year={1992},
  publisher={University of California Press},
  note={ISBN: 9780520076037}
}

@book{zelizer1994social,
  title={The Social Meaning of Money: Pin Money, Paychecks, Poor Relief, and Other Currencies},
  author={Zelizer, Viviana},
  year={1994},
  publisher={Basic Books},
  note={ISBN: 9780465071429}
}

@book{mauss1925gift,
  title={The Gift: Forms and Functions of Exchange in Archaic Societies},
  author={Mauss, Marcel},
  year={1925},
  publisher={Routledge},
  note={ISBN: 9780393320435}
}

@book{gregory1982gifts,
  title={Gifts and Commodities},
  author={Gregory, C.A.},
  year={1982},
  publisher={Academic Press},
  note={ISBN: 9780123013807}
}

@book{biehl2005vita,
  title={Vita: Life in a Zone of Social Abandonment},
  author={Biehl, João},
  year={2005},
  publisher={University of California Press},
  note={ISBN: 9780520242784}
}

@book{escobar1995encountering,
  title={Encountering Development: The Making and Unmaking of the Third World},
  author={Escobar, Arturo},
  year={1995},
  publisher={Princeton University Press},
  note={ISBN: 9780691001029}
}

@book{hastrup2004action,
  title={Action: Anthropology in the Company of Shakespeare},
  author={Hastrup, Kirsten},
  year={2004},
  publisher={Museum Tusculanum Press},
  note={ISBN: 9788772898444}
}

@book{latour1987science,
  title={Science in Action: How to Follow Scientists and Engineers Through Society},
  author={Latour, Bruno},
  year={1987},
  publisher={Harvard University Press},
  note={ISBN: 9780674792913}
}

@book{nadasdy2003hunters,
  title={Hunters and Bureaucrats: Power, Knowledge, and Aboriginal-State Relations},
  author={Nadasdy, Paul},
  year={2003},
  publisher={University of British Columbia Press},
  note={ISBN: 9780774809755}
}

@book{povinelli2002cunning,
  title={The Cunning of Recognition: Indigenous Alterities and the Making of Australian Multiculturalism},
  author={Povinelli, Elizabeth},
  year={2002},
  publisher={Duke University Press},
  note={ISBN: 9780822328681}
}

@book{ranciere1991ignorant,
  title={The Ignorant Schoolmaster: Five Lessons in Intellectual Emancipation},
  author={Rancière, Jacques},
  year={1991},
  publisher={Stanford University Press},
  note={ISBN: 9780804719698}
}

@book{scott1990domination,
  title={Domination and the Arts of Resistance: Hidden Transcripts},
  author={Scott, James C.},
  year={1990},
  publisher={Yale University Press},
  note={ISBN: 9780300056693}
}

@book{stengers2010cosmopolitics,
  title={Cosmopolitics I},
  author={Stengers, Isabelle},
  year={2010},
  publisher={University of Minnesota Press},
  note={ISBN: 9780816666148}
}

@book{strathern1991partial,
  title={Partial Connections},
  author={Strathern, Marilyn},
  year={1991},
  publisher={AltaMira Press},
  note={ISBN: 9780759105069}
}

@book{trouillot1995silencing,
  title={Silencing the Past: Power and the Production of History},
  author={Trouillot, Michel-Rolph},
  year={1995},
  publisher={Beacon Press},
  note={ISBN: 9780807043110}
}

@book{tsing2005friction,
  title={Friction: An Ethnography of Global Connection},
  author={Tsing, Anna},
  year={2005},
  publisher={Princeton University Press},
  note={ISBN: 9780691120652}
}

@book{benedict1934patterns,
  title={Patterns of Culture},
  author={Benedict, Ruth},
  year={1934},
  publisher={Houghton Mifflin Harcourt},
  note={ISBN: 978-0-395-07405-3; DOI: 10.4324/9780429054419}
}

@book{bourguignon1973religion,
  title={Religion, Altered States of Consciousness, and Social Change},
  author={Bourguignon, Erika},
  year={1973},
  publisher={Ohio State University Press},
  note={ISBN: 978-0-8142-0167-1}
}

@book{csordas1994sacred,
  title={The Sacred Self: A Cultural Phenomenology of Charismatic Healing},
  author={Csordas, Thomas J.},
  year={1994},
  publisher={University of California Press},
  note={ISBN: 978-0-520-08294-1}
}

@book{desjarlais1992body,
  title={Body and Emotion: The Aesthetics of Illness and Healing in the Nepal Himalayas},
  author={Desjarlais, Robert R.},
  year={1992},
  publisher={University of Pennsylvania Press},
  note={ISBN: 978-0-8122-1391-2}
}

@article{hollan2000constructivist,
  title={Constructivist Models of Mind, Contemporary Psychoanalysis, and the Development of Culture Theory},
  author={Hollan, Douglas},
  journal={American Anthropologist},
  volume={102},
  number={3},
  pages={538--550},
  year={2000},
  note={DOI: 10.1525/aa.2000.102.3.538}
}

@book{levy1973tahitians,
  title={Tahitians: Mind and Experience in the Society Islands},
  author={Levy, Robert I.},
  year={1973},
  publisher={University of Chicago Press},
  note={ISBN: 978-0-226-47511-1}
}

@book{luhrmann2012when,
  title={When God Talks Back: Understanding the American Evangelical Relationship with God},
  author={Luhrmann, T.M.},
  year={2012},
  publisher={Vintage},
  note={ISBN: 978-0-307-72718-6}
}

@book{myers1986pintupi,
  title={Pintupi Country, Pintupi Self: Sentiment, Place, and Politics among Western Desert Aborigines},
  author={Myers, Fred R.},
  year={1986},
  publisher={Smithsonian Institution Press},
  note={ISBN: 978-0-87474-995-4}
}

@article{noll1985mental,
  title={Mental Imagery Cultivation as a Cultural Phenomenon: The Role of Visions in Shamanism},
  author={Noll, Richard},
  journal={Current Anthropology},
  volume={26},
  number={4},
  pages={443--461},
  year={1985},
  note={DOI: 10.1086/203310}
}

@book{obeyesekere1981medusa,
  title={Medusa's Hair: An Essay on Personal Symbols and Religious Experience},
  author={Obeyesekere, Gananath},
  year={1981},
  publisher={University of Chicago Press},
  note={ISBN: 978-0-226-61646-0}
}

@article{roepstorff2008things,
  title={Things to Think With: Words and Objects as Material Symbols},
  author={Roepstorff, Andreas},
  journal={Philosophical Transactions of the Royal Society B: Biological Sciences},
  volume={363},
  number={1499},
  pages={2049--2054},
  year={2008},
  note={DOI: 10.1098/rstb.2008.0016}
}

@book{shweder1991thinking,
  title={Thinking Through Cultures: Expeditions in Cultural Psychology},
  author={Shweder, Richard A.},
  year={1991},
  publisher={Harvard University Press},
  note={ISBN: 978-0-674-88368-2}
}

@book{turner1967forest,
  title={The Forest of Symbols: Aspects of Ndembu Ritual},
  author={Turner, Victor W.},
  year={1967},
  publisher={Cornell University Press},
  note={ISBN: 978-0-8014-9101-0}
}

@book{wikan1990managing,
  title={Managing Turbulent Hearts: A Balinese Formula for Living},
  author={Wikan, Unni},
  year={1990},
  publisher={University of Chicago Press},
  note={ISBN: 978-0-226-89811-8}
}

@article{white1994ethnopsychology,
  title={The Ethnopsychology of Emotions: A Cultural Theory of Mind},
  author={White, Geoffrey M.},
  journal={Ethos},
  volume={22},
  number={2},
  pages={127--163},
  year={1994},
  note={DOI: 10.1525/eth.1994.22.2.02a00010}
}

@article{boddy1994spirit,
  title={Spirit Possession Revisited: Beyond Instrumentality},
  author={Boddy, Janice},
  journal={Annual Review of Anthropology},
  volume={23},
  pages={407--434},
  year={1994},
  note={DOI: 10.1146/annurev.an.23.100194.002203}
}

@book{bourguignon1976possession,
  title={Possession},
  author={Bourguignon, Erika},
  year={1976},
  publisher={Chandler \& Sharp Publishers},
  note={ISBN: 978-0883165249}
}

@book{crapanzano1973hamadsha,
  title={The Hamadsha: A Study in Moroccan Ethnopsychiatry},
  author={Crapanzano, Vincent},
  year={1973},
  publisher={University of California Press},
  note={ISBN: 978-0520022414}
}

@book{csordas2002body,
  title={Body/Meaning/Healing},
  author={Csordas, Thomas J.},
  year={2002},
  publisher={Palgrave Macmillan},
  note={ISBN: 978-0312293349}
}

@book{eliade1964shamanism,
  title={Shamanism: Archaic Techniques of Ecstasy},
  author={Eliade, Mircea},
  year={1964},
  publisher={Princeton University Press},
  note={ISBN: 978-0691119427}
}

@book{fernandez1982bwiti,
  title={Bwiti: An Ethnography of the Religious Imagination in Africa},
  author={Fernandez, James W.},
  year={1982},
  publisher={Princeton University Press},
  note={ISBN: 978-0691094311}
}

@book{goodman1988ecstasy,
  title={Ecstasy, Ritual, and Alternate Reality: Religion in a Pluralistic World},
  author={Goodman, Felicitas D.},
  year={1988},
  publisher={Indiana University Press},
  note={ISBN: 978-0253204695}
}

@book{lapassade1990transe,
  title={La Transe},
  author={Lapassade, Georges},
  year={1990},
  publisher={Presses Universitaires de France},
  note={ISBN: 978-2130435541}
}

@book{lewis1971ecstatic,
  title={Ecstatic Religion: A Study of Shamanism and Spirit Possession},
  author={Lewis, I. M.},
  year={1971},
  publisher={Routledge},
  note={ISBN: 978-0415262460}
}

@book{myerhoff1974peyote,
  title={Peyote Hunt: The Sacred Journey of the Huichol Indians},
  author={Myerhoff, Barbara G.},
  year={1974},
  publisher={Cornell University Press},
  note={ISBN: 978-0801491393}
}

@article{noll1983shamanism,
  title={Shamanism and Schizophrenia: A State-Specific Approach to the Schizophrenia Metaphor of Shamanic States},
  author={Noll, Richard},
  journal={American Ethnologist},
  volume={10},
  number={3},
  pages={443--459},
  year={1983},
  note={DOI: 10.1525/ae.1983.10.3.02a00040}
}

@book{rouget1985music,
  title={Music and Trance: A Theory of the Relations between Music and Possession},
  author={Rouget, Gilbert},
  year={1985},
  publisher={University of Chicago Press},
  note={ISBN: 978-0226730066}
}

@book{turner1969ritual,
  title={The Ritual Process: Structure and Anti-Structure},
  author={Turner, Victor},
  year={1969},
  publisher={Aldine Publishing},
  note={ISBN: 978-0202011905}
}

@book{znamenski2007beauty,
  title={The Beauty of the Primitive: Shamanism and Western Imagination},
  author={Znamenski, Andrei A.},
  year={2007},
  publisher={Oxford University Press},
  note={ISBN: 978-0195172317}
}

@book{anderson1996magic,
  title={Magic, Science, and Health: The Aims and Achievements of Medical Anthropology},
  author={Anderson, Robert},
  year={1996},
  publisher={Harcourt Brace},
  note={ISBN: 978-0155008281}
}

@book{baer2001biomedicine,
  title={Biomedicine and Alternative Healing Systems in America: Issues of Class, Race, Ethnicity, and Gender},
  author={Baer, Hans A.},
  year={2001},
  publisher={University of Wisconsin Press},
  note={ISBN: 978-0299173349}
}

@book{ernst2002plural,
  title={Plural Medicine, Tradition and Modernity: Historical and Contemporary Perspectives},
  author={Ernst, Waltraud},
  year={2002},
  publisher={Routledge},
  note={ISBN: 978-0415235822}
}

@book{farquhar1994knowing,
  title={Knowing Practice: The Clinical Encounter of Chinese Medicine},
  author={Farquhar, Judith},
  year={1994},
  publisher={Westview Press},
  note={ISBN: 978-0813310101}
}

@book{good1994medicine,
  title={Medicine, Rationality and Experience: An Anthropological Perspective},
  author={Good, Byron J.},
  year={1994},
  publisher={Cambridge University Press},
  note={ISBN: 978-0521425764}
}

@book{hsu1999transmission,
  title={The Transmission of Chinese Medicine},
  author={Hsu, Elisabeth},
  year={1999},
  publisher={Cambridge University Press},
  note={ISBN: 978-0521645421}
}

@book{kapferer1991celebration,
  title={A Celebration of Demons: Exorcism and the Aesthetics of Healing in Sri Lanka},
  author={Kapferer, Bruce},
  year={1991},
  publisher={Berg Publishers},
  note={ISBN: 978-0854963021}
}

@book{kleinman1980patients,
  title={Patients and Healers in the Context of Culture},
  author={Kleinman, Arthur},
  year={1980},
  publisher={University of California Press},
  note={ISBN: 978-0520045116}
}

@book{laderman1991taming,
  title={Taming the Wind of Desire: Psychology, Medicine, and Aesthetics in Malay Shamanistic Performance},
  author={Laderman, Carol},
  year={1991},
  publisher={University of California Press},
  note={ISBN: 978-0520073188}
}

@book{leslie1976asian,
  title={Asian Medical Systems: A Comparative Study},
  author={Leslie, Charles},
  year={1976},
  publisher={University of California Press},
  note={ISBN: 978-0520039771}
}

@book{lock1993encounters,
  title={Encounters with Aging: Mythologies of Menopause in Japan and North America},
  author={Lock, Margaret},
  year={1993},
  publisher={University of California Press},
  note={ISBN: 978-0520077896}
}

@book{moerman2002meaning,
  title={Meaning, Medicine and the 'Placebo Effect'},
  author={Moerman, Daniel E.},
  year={2002},
  publisher={Cambridge University Press},
  note={ISBN: 978-0521000879}
}

@article{schieffelin1985performance,
  title={Performance and the Cultural Construction of Reality},
  author={Schieffelin, Edward L.},
  journal={American Ethnologist},
  volume={12},
  number={4},
  pages={707--724},
  year={1985},
  note={DOI: 10.1525/ae.1985.12.4.02a00020}
}

@book{turner1968drums,
  title={The Drums of Affliction: A Study of Religious Processes Among the Ndembu of Zambia},
  author={Turner, Victor W.},
  year={1968},
  publisher={Oxford University Press},
  note={ISBN: 978-0198231707}
}

@book{armstrong1971affecting,
  title={The Affecting Presence: An Essay in Humanistic Anthropology},
  author={Armstrong, Robert Plant},
  year={1971},
  publisher={University of Illinois Press},
  note={ISBN: 978-0252001048}
}

@book{bell1992ritual,
  title={Ritual Theory, Ritual Practice},
  author={Bell, Catherine},
  year={1992},
  publisher={Oxford University Press},
  note={ISBN: 978-0195207996}
}

@book{coote1992anthropology,
  title={Anthropology, Art, and Aesthetics},
  editor={Coote, Jeremy and Shelton, Anthony},
  year={1992},
  publisher={Clarendon Press},
  note={ISBN: 978-0198277330}
}

@book{dissanayake1992homo,
  title={Homo Aestheticus: Where Art Comes from and Why},
  author={Dissanayake, Ellen},
  year={1992},
  publisher={Free Press},
  note={ISBN: 978-0029076956}
}

@book{fabian1998art,
  title={Art and Society: Reflections on Their Interaction},
  author={Fabian, Johannes},
  year={1998},
  publisher={Museum Tusculanum Press},
  note={ISBN: 978-8772894539}
}

@book{feld1982sound,
  title={Sound and Sentiment: Birds, Weeping, Poetics, and Song in Kaluli Expression},
  author={Feld, Steven},
  year={1982},
  publisher={University of Pennsylvania Press},
  note={ISBN: 978-0812211087}
}

@book{gell1998art,
  title={Art and Agency: An Anthropological Theory},
  author={Gell, Alfred},
  year={1998},
  publisher={Clarendon Press},
  note={ISBN: 978-0198280149}
}

@book{kaeppler1985structured,
  title={Structured Movement Systems in Tonga},
  author={Kaeppler, Adrienne L.},
  year={1985},
  publisher={University of Pennsylvania Press},
  note={ISBN: 978-0812210998}
}

@book{langer1953feeling,
  title={Feeling and Form: A Theory of Art},
  author={Langer, Susanne K.},
  year={1953},
  publisher={Charles Scribner's Sons},
  note={ISBN: 978-0684711862}
}

@book{morphy1991ancestral,
  title={Ancestral Connections: Art and an Aboriginal System of Knowledge},
  author={Morphy, Howard},
  year={1991},
  publisher={University of Chicago Press},
  note={ISBN: 978-0226538664}
}

@book{price1989primitive,
  title={Primitive Art in Civilized Places},
  author={Price, Sally},
  year={1989},
  publisher={University of Chicago Press},
  note={ISBN: 978-0226680660}
}

@book{schechner1985between,
  title={Between Theater and Anthropology},
  author={Schechner, Richard},
  year={1985},
  publisher={University of Pennsylvania Press},
  note={ISBN: 978-0812212206}
}

@book{schieffelin1976sorrow,
  title={The Sorrow of the Lonely and the Burning of the Dancers},
  author={Schieffelin, Edward L.},
  year={1976},
  publisher={St. Martin's Press},
  note={ISBN: 978-0312159438}
}

@book{turner1982ritual,
  title={From Ritual to Theatre: The Human Seriousness of Play},
  author={Turner, Victor},
  year={1982},
  publisher={PAJ Publications},
  note={ISBN: 978-0933826175}
}

@book{whitehouse2004modes,
  title={Modes of Religiosity: A Cognitive Theory of Religious Transmission},
  author={Whitehouse, Harvey},
  year={2004},
  publisher={AltaMira Press},
  note={ISBN: 978-0759103607}
}

@article{nadasdy2007gift,
  title={The Gift in the Animal: The Ontology of Hunting and Human-Animal Sociality},
  author={Nadasdy, Paul},
  journal={American Ethnologist},
  volume={34},
  number={1},
  pages={25--43},
  year={2007},
  note={DOI: 10.1525/ae.2007.34.1.25}
}

@book{berkes2012sacred,
  title={Sacred Ecology: Traditional Ecological Knowledge and Resource Management},
  author={Berkes, Fikret},
  year={2012},
  publisher={Routledge},
  note={ISBN: 9780415517324}
}

@book{haraway2016staying,
  title={Staying with the Trouble: Making Kin in the Chthulucene},
  author={Haraway, Donna},
  year={2016},
  publisher={Duke University Press},
  note={ISBN: 9780822362241}
}

@book{kohn2013forests,
  title={How Forests Think: Toward an Anthropology Beyond the Human},
  author={Kohn, Eduardo},
  year={2013},
  publisher={University of California Press},
  note={ISBN: 9780520276109}
}

@book{latour2004politics,
  title={Politics of Nature: How to Bring the Sciences into Democracy},
  author={Latour, Bruno},
  year={2004},
  publisher={Harvard University Press},
  note={ISBN: 9780674013476}
}

@book{moore2015capitalism,
  title={Capitalism in the Web of Life: Ecology and the Accumulation of Capital},
  author={Moore, Jason W.},
  year={2015},
  publisher={Verso},
  note={ISBN: 9781781689028}
}

@book{rappaport1984pigs,
  title={Pigs for the Ancestors: Ritual in the Ecology of a New Guinea People},
  author={Rappaport, Roy A.},
  year={1984},
  publisher={Yale University Press},
  note={ISBN: 9780300021905}
}

@book{steward1972theory,
  title={Theory of Culture Change: The Methodology of Multilinear Evolution},
  author={Steward, Julian H.},
  year={1972},
  publisher={University of Illinois Press},
  note={ISBN: 9780252003134}
}

@book{strathern1980no,
  title={No Nature, No Culture: The Hagen Case},
  author={Strathern, Marilyn},
  year={1980},
  publisher={Cambridge University Press},
  note={ISBN: 9780521220842}
}

@article{viveiros1998cosmological,
  title={Cosmological Deixis and Amerindian Perspectivism},
  author={Viveiros de Castro, Eduardo},
  journal={Journal of the Royal Anthropological Institute},
  volume={4},
  number={3},
  pages={469--488},
  year={1998},
  note={DOI: 10.2307/3034157}
}

@book{wolverton2012conservation,
  title={Conservation Biology and Applied Zooarchaeology},
  author={Wolverton, Steve and Lyman, R. Lee},
  year={2012},
  publisher={University of Arizona Press},
  note={ISBN: 9780816521051}
}

@book{bourdieu1990logic,
  title={The Logic of Practice},
  author={Bourdieu, Pierre},
  year={1990},
  publisher={Stanford University Press},
  note={ISBN: 9780804720113}
}

@book{ingold2000perception,
  title={The Perception of the Environment: Essays on Livelihood, Dwelling and Skill},
  author={Ingold, Tim},
  year={2000},
  publisher={Routledge},
  address={London},
  note={ISBN: 978-0415228329}
}

@book{barad2007meeting,
  title={Meeting the Universe Halfway: Quantum Physics and the Entanglement of Matter and Meaning},
  author={Barad, Karen},
  year={2007},
  publisher={Duke University Press},
  note={ISBN: 978-0822339175}
}

@book{clark2003natural,
  title={Natural-Born Cyborgs: Minds, Technologies, and the Future of Human Intelligence},
  author={Clark, Andy},
  year={2003},
  publisher={Oxford University Press},
  note={ISBN: 978-0195166590}
}

@book{delanda2011philosophy,
  title={Philosophy and Simulation: The Emergence of Synthetic Reason},
  author={DeLanda, Manuel},
  year={2011},
  publisher={Continuum},
  note={ISBN: 978-1441170286}
}

@book{haraway1991simians,
  title={Simians, Cyborgs, and Women: The Reinvention of Nature},
  author={Haraway, Donna},
  year={1991},
  publisher={Routledge},
  note={ISBN: 978-0415903875}
}

@book{hayles2012how,
  title={How We Think: Digital Media and Contemporary Technogenesis},
  author={Hayles, N. Katherine},
  year={2012},
  publisher={University of Chicago Press},
  note={ISBN: 978-0226321370}
}

@book{hui2019recursivity,
  title={Recursivity and Contingency},
  author={Hui, Yuk},
  year={2019},
  publisher={Rowman \& Littlefield},
  note={ISBN: 978-1786600545}
}

@book{ihde2009postphenomenology,
  title={Postphenomenology and Technoscience: The Peking University Lectures},
  author={Ihde, Don},
  year={2009},
  publisher={SUNY Press},
  note={ISBN: 978-1438426208}
}

@book{malafouris2013how,
  title={How Things Shape the Mind: A Theory of Material Engagement},
  author={Malafouris, Lambros},
  year={2013},
  publisher={MIT Press},
  note={ISBN: 978-0262019194}
}

@book{mindell2015our,
  title={Our Robots, Ourselves: Robotics and the Myths of Autonomy},
  author={Mindell, David A.},
  year={2015},
  publisher={Viking},
  note={ISBN: 978-0525426972}
}

@book{noble2018algorithms,
  title={Algorithms of Oppression: How Search Engines Reinforce Racism},
  author={Noble, Safiya Umoja},
  year={2018},
  publisher={NYU Press},
  note={ISBN: 978-1479837243}
}

@book{parisi2013contagious,
  title={Contagious Architecture: Computation, Aesthetics, and Space},
  author={Parisi, Luciana},
  year={2013},
  publisher={MIT Press},
  note={ISBN: 978-0262018630}
}

@book{pickering2010cybernetic,
  title={The Cybernetic Brain: Sketches of Another Future},
  author={Pickering, Andrew},
  year={2010},
  publisher={University of Chicago Press},
  note={ISBN: 978-0226667928}
}

@book{rose2007politics,
  title={The Politics of Life Itself: Biomedicine, Power, and Subjectivity in the Twenty-First Century},
  author={Rose, Nikolas},
  year={2007},
  publisher={Princeton University Press},
  note={ISBN: 978-0691121918}
}

@book{schull2014addiction,
  title={Addiction by Design: Machine Gambling in Las Vegas},
  author={Sch{\"u}ll, Natasha Dow},
  year={2014},
  publisher={Princeton University Press},
  note={ISBN: 978-0691160887}
}

@book{simondon2017mode,
  title={On the Mode of Existence of Technical Objects},
  author={Simondon, Gilbert},
  year={2017},
  publisher={Univocal Publishing},
  note={ISBN: 978-1517904021}
}

@book{stiegler2010taking,
  title={For a New Critique of Political Economy},
  author={Stiegler, Bernard},
  year={2010},
  publisher={Polity},
  note={ISBN: 978-0745648041}
}

@book{turkle2011alone,
  title={Alone Together: Why We Expect More from Technology and Less from Each Other},
  author={Turkle, Sherry},
  year={2011},
  publisher={Basic Books},
  note={ISBN: 978-0465031467}
}

@book{verbeek2005what,
  title={What Things Do: Philosophical Reflections on Technology, Agency, and Design},
  author={Verbeek, Peter-Paul},
  year={2005},
  publisher={Penn State University Press},
  note={ISBN: 978-0271025407}
}

@book{zuboff2019age,
  title={The Age of Surveillance Capitalism: The Fight for a Human Future at the New Frontier of Power},
  author={Zuboff, Shoshana},
  year={2019},
  publisher={Public Affairs},
  note={ISBN: 978-1610395694}
}

@book{castells2010rise,
  title={The Rise of the Network Society},
  author={Castells, Manuel},
  year={2010},
  publisher={Wiley-Blackwell},
  note={ISBN: 978-1405196864}
}

@book{comaroff2009ethnicity,
  title={Ethnicity, Inc.},
  author={Comaroff, Jean and Comaroff, John L.},
  year={2009},
  publisher={University of Chicago Press},
  note={ISBN: 978-0226114736}
}

@book{czarniawska2005global,
  title={Global Ideas: How Ideas, Objects and Practices Travel in the Global Economy},
  author={Czarniawska, Barbara and Sev{\'o}n, Guje},
  year={2005},
  publisher={Liber \& Copenhagen Business School Press},
  note={ISBN: 978-8763001447}
}

@book{iwabuchi2002recentering,
  title={Recentering Globalization: Popular Culture and Japanese Transnationalism},
  author={Iwabuchi, Koichi},
  year={2002},
  publisher={Duke University Press},
  note={ISBN: 978-0822328919}
}

@article{kearney1995local,
  title={The Local and the Global: The Anthropology of Globalization and Transnationalism},
  author={Kearney, Michael},
  journal={Annual Review of Anthropology},
  volume={24},
  pages={547--565},
  year={1995},
  note={DOI: 10.1146/annurev.an.24.100195.002555}
}

@book{kraidy2005hybridity,
  title={Hybridity, or the Cultural Logic of Globalization},
  author={Kraidy, Marwan M.},
  year={2005},
  publisher={Temple University Press},
  note={ISBN: 978-1592131445}
}

@book{ong1999flexible,
  title={Flexible Citizenship: The Cultural Logics of Transnationality},
  author={Ong, Aihwa},
  year={1999},
  publisher={Duke University Press},
  note={ISBN: 978-0822322696}
}

@book{robertson1992globalization,
  title={Globalization: Social Theory and Global Culture},
  author={Robertson, Roland},
  year={1992},
  publisher={SAGE Publications},
  note={ISBN: 978-0803981878}
}

@book{sassen2007sociology,
  title={A Sociology of Globalization},
  author={Sassen, Saskia},
  year={2007},
  publisher={W.W. Norton},
  note={ISBN: 978-0393927269}
}

@book{schiller1992transnational,
  title={Towards a Transnational Perspective on Migration},
  author={Schiller, Nina Glick and Basch, Linda and Blanc-Szanton, Cristina},
  year={1992},
  publisher={New York Academy of Sciences},
  note={ISBN: 978-0897667204}
}

@book{tomlinson1999globalization,
  title={Globalization and Culture},
  author={Tomlinson, John},
  year={1999},
  publisher={University of Chicago Press},
  note={ISBN: 978-0226807683}
}

@book{urry2000sociology,
  title={Sociology Beyond Societies: Mobilities for the Twenty-First Century},
  author={Urry, John},
  year={2000},
  publisher={Routledge},
  note={ISBN: 978-0415190893}
}

@book{vertovec2009transnationalism,
  title={Transnationalism},
  author={Vertovec, Steven},
  year={2009},
  publisher={Routledge},
  note={ISBN: 978-0415448598}
}

@book{warnier2007globalization,
  title={The Globalization of Culture},
  author={Warnier, Jean-Pierre},
  year={2007},
  publisher={Columbia University Press},
  note={ISBN: 978-0231145397}
}

@book{werbner2008anthropology,
  title={Anthropology and the New Cosmopolitanism: Rooted, Feminist and Vernacular Perspectives},
  author={Werbner, Pnina},
  year={2008},
  publisher={Berg Publishers},
  note={ISBN: 978-1845204085}
}

@incollection{wilk1995learning,
  title={Learning to Be Local in Belize: Global Systems of Common Difference},
  author={Wilk, Richard},
  booktitle={Worlds Apart: Modernity Through the Prism of the Local},
  editor={Miller, Daniel},
  pages={110--133},
  year={1995},
  publisher={Routledge},
  note={ISBN: 978-0415114738}
}

@article{wimmer2002methodological,
  title={Methodological Nationalism and Beyond: Nation-State Building, Migration and the Social Sciences},
  author={Wimmer, Andreas and Glick Schiller, Nina},
  journal={Global Networks},
  volume={2},
  number={4},
  pages={301--334},
  year={2002},
  note={DOI: 10.1111/1471-0374.00043}
}

@incollection{beaulieu2017vectors,
  title={Vectors for Fieldwork: Computational Thinking and New Modes of Ethnography},
  author={Beaulieu, Anne},
  booktitle={The Routledge Companion to Digital Ethnography},
  editor={Hjorth, Larissa and others},
  pages={29--39},
  year={2017},
  publisher={Routledge},
  note={DOI: 10.4324/9781315673974-13}
}

@book{boellstorff2012ethnography,
  title={Ethnography and Virtual Worlds: A Handbook of Method},
  author={Boellstorff, Tom and Nardi, Bonnie and Pearce, Celia and Taylor, T. L.},
  year={2012},
  publisher={Princeton University Press},
  note={ISBN: 978-0691149516}
}

@article{boyer2015digital,
  title={Digital Expertise in Online Environments: Anthropological Perspectives},
  author={Boyer, Dominic},
  journal={Anthropological Quarterly},
  volume={88},
  number={2},
  pages={289--319},
  year={2015},
  note={DOI: 10.1353/anq.2015.0021}
}

@book{dourish2011divining,
  title={Divining a Digital Future: Mess and Mythology in Ubiquitous Computing},
  author={Dourish, Paul and Bell, Genevieve},
  year={2011},
  publisher={MIT Press},
  note={ISBN: 978-0262015554}
}

@article{fortun2012ethnography,
  title={Ethnography in Late Industrialism},
  author={Fortun, Kim},
  journal={Cultural Anthropology},
  volume={27},
  number={3},
  pages={446--464},
  year={2012},
  note={DOI: 10.1111/j.1548-1360.2012.01153.x}
}

@article{garforth2012invisibilities,
  title={In/Visibilities of Research: Seeing and Knowing in STS},
  author={Garforth, Lisa},
  journal={Science, Technology \& Human Values},
  volume={37},
  number={2},
  pages={264--285},
  year={2012},
  note={DOI: 10.1177/0162243911402506}
}

@book{hine2015ethnography,
  title={Ethnography for the Internet: Embedded, Embodied and Everyday},
  author={Hine, Christine},
  year={2015},
  publisher={Bloomsbury Academic},
  note={ISBN: 978-1474269063}
}

@book{horst2012digital,
  title={Digital Anthropology},
  author={Horst, Heather A. and Miller, Daniel},
  year={2012},
  publisher={Berg Publishers},
  note={ISBN: 978-0857852908}
}

@article{knox2016digital,
  title={Digital Anthropology},
  author={Knox, Hannah and Walford, Antonia},
  journal={Cambridge Encyclopedia of Anthropology},
  year={2016},
  note={DOI: 10.29164/16digital}
}

@book{ladner2019mixed,
  title={Mixed Methods: A Short Guide to Applied Mixed Methods Design},
  author={Ladner, Sam},
  year={2019},
  publisher={Left Coast Press},
  note={ISBN: 978-1629582146}
}

@book{madianou2012migration,
  title={Migration and New Media: Transnational Families and Polymedia},
  author={Madianou, Mirca and Miller, Daniel},
  year={2012},
  publisher={Routledge},
  note={ISBN: 978-0415679275}
}

@incollection{marcus2012multi,
  title={Multi-sited Ethnography: Five or Six Things I Know About It Now},
  author={Marcus, George E.},
  booktitle={Multi-sited Ethnography: Problems and Possibilities in the Translocation of Research Methods},
  editor={Coleman, Simon and von Hellermann, Pauline},
  pages={16--32},
  year={2012},
  publisher={Routledge},
  note={ISBN: 978-0415580014}
}

@book{pink2016digital,
  title={Digital Ethnography: Principles and Practice},
  author={Pink, Sarah and Horst, Heather and Postill, John and Hjorth, Larissa and Lewis, Tania and Tacchi, Jo},
  year={2016},
  publisher={SAGE Publications},
  note={ISBN: 978-1473902381}
}

@book{rabinow2011accompaniment,
  title={The Accompaniment: Assembling the Contemporary},
  author={Rabinow, Paul},
  year={2011},
  publisher={University of Chicago Press},
  note={ISBN: 978-0226701530}
}

@article{roepstorff2013slow,
  title={Why Am I Not Just Lovin' Cultural Neuroscience? Toward a Slow Science of Cultural Difference},
  author={Roepstorff, Andreas},
  journal={Psychological Inquiry},
  volume={24},
  number={1},
  pages={61--63},
  year={2013},
  note={DOI: 10.1080/1047840X.2013.764819}
}

@incollection{suchman2016reconfiguring,
  title={Reconfiguring Sociomaterial Relations},
  author={Suchman, Lucy},
  booktitle={The Handbook of Science and Technology Studies (Fourth Edition)},
  editor={Felt, Ulrike and others},
  pages={139--168},
  year={2016},
  publisher={MIT Press},
  note={ISBN: 978-0262035682}
}

@article{taussig2013potentiality,
  title={The Anthropology of Potentiality in Biomedicine},
  author={Taussig, Karen S. and Hoeyer, Klaus and Helmreich, Stefan},
  journal={Current Anthropology},
  volume={54},
  number={S7},
  pages={S3--S14},
  year={2013},
  note={DOI: 10.1086/671401}
}

@book{west2016dispossession,
  title={Dispossession and the Environment: Rhetoric and Inequality in Papua New Guinea},
  author={West, Paige},
  year={2016},
  publisher={Columbia University Press},
  note={ISBN: 978-0231178784}
}

@book{bateson2000steps,
  title={Steps to an Ecology of Mind: Collected Essays in Anthropology, Psychiatry, Evolution, and Epistemology},
  author={Bateson, Gregory},
  year={2000},
  publisher={University of Chicago Press},
  note={ISBN: 978-0226039053}
}

@article{bessire2014ontological,
  title={Ontological Anthropology and the Deferral of Critique},
  author={Bessire, Lucas and Bond, David},
  journal={American Ethnologist},
  volume={41},
  number={3},
  pages={440--456},
  year={2014},
  note={DOI: 10.1111/amet.12083}
}

@book{descola2013beyond,
  title={Beyond Nature and Culture},
  author={Descola, Philippe},
  year={2013},
  publisher={University of Chicago Press},
  note={ISBN: 978-0226145006}
}

@book{escobar2018designs,
  title={Designs for the Pluriverse: Radical Interdependence, Autonomy, and the Making of Worlds},
  author={Escobar, Arturo},
  year={2018},
  publisher={Duke University Press},
  note={ISBN: 978-0822371052}
}

@book{fischer2018anthropology,
  title={Anthropology in the Meantime: Experimental Ethnography, Theory, and Method for the Twenty-First Century},
  author={Fischer, Michael M. J.},
  year={2018},
  publisher={Duke University Press},
  note={ISBN: 978-0822370826}
}

@book{geertz2000available,
  title={Available Light: Anthropological Reflections on Philosophical Topics},
  author={Geertz, Clifford},
  year={2000},
  publisher={Princeton University Press},
  note={ISBN: 978-0691001693}
}

@book{ingold2018anthropology,
  title={Anthropology: Why It Matters},
  author={Ingold, Tim},
  year={2018},
  publisher={Polity Press},
  note={ISBN: 978-1509519805}
}

@book{kirby2011quantum,
  title={Quantum Anthropologies: Life at Large},
  author={Kirby, Vicki},
  year={2011},
  publisher={Duke University Press},
  note={ISBN: 978-0822350453}
}

@book{latour2017facing,
  title={Facing Gaia: Eight Lectures on the New Climatic Regime},
  author={Latour, Bruno},
  year={2017},
  publisher={Polity Press},
  note={ISBN: 978-0745684338}
}

@book{moore2011still,
  title={Still Life: Hopes, Desires and Satisfactions},
  author={Moore, Henrietta L.},
  year={2011},
  publisher={Polity Press},
  note={ISBN: 978-0745651187}
}

@article{ortner2016dark,
  title={Dark Anthropology and its Others: Theory since the Eighties},
  author={Ortner, Sherry B.},
  journal={HAU: Journal of Ethnographic Theory},
  volume={6},
  number={1},
  pages={47--73},
  year={2016},
  note={DOI: 10.14318/hau6.1.004}
}

@book{rabinow2008marking,
  title={Marking Time: On the Anthropology of the Contemporary},
  author={Rabinow, Paul},
  year={2008},
  publisher={Princeton University Press},
  note={ISBN: 978-0691133622}
}

@book{stengers2018another,
  title={Another Science is Possible: A Manifesto for Slow Science},
  author={Stengers, Isabelle},
  year={2018},
  publisher={Polity Press},
  note={ISBN: 978-1509521815}
}

@book{strathern2004commons,
  title={Commons and Borderlands: Working Papers on Interdisciplinarity, Accountability and the Flow of Knowledge},
  author={Strathern, Marilyn},
  year={2004},
  publisher={Sean Kingston Publishing},
  note={ISBN: 978-0954381317}
}

@book{viveiros2014cannibal,
  title={Cannibal Metaphysics: For a Post-structural Anthropology},
  author={Viveiros de Castro, Eduardo},
  year={2014},
  publisher={University of Minnesota Press},
  note={ISBN: 978-1937561215}
}

@book{wagner2016invention,
  title={The Invention of Culture (Second Edition)},
  author={Wagner, Roy},
  year={2016},
  publisher={University of Chicago Press},
  note={ISBN: 978-0226423289}
}