@book{bateson2000steps,
  title={Steps to an Ecology of Mind: Collected Essays in Anthropology, Psychiatry, Evolution, and Epistemology},
  author={Bateson, Gregory},
  year={2000},
  publisher={University of Chicago Press},
  note={ISBN: 978-0-226-03905-3},
  % Abstract: This collection of Gregory Bateson's short works spans his diverse career, encompassing essays on anthropology, cybernetics, psychiatry, and epistemology. Originally published in 1972, it includes his notable concept of the "double bind" in communication and explores the interconnectedness of systems and the role of perception in understanding the world.
}

@article{block1995confusion,
  title={On a confusion about a function of consciousness},
  author={Block, Ned},
  journal={Behavioral and Brain Sciences},
  volume={18},
  number={2},
  pages={227--247},
  year={1995},
  publisher={Cambridge University Press},
  note={DOI: 10.1017/S0140525X00038188}
}

@book{chalmers1997conscious,
  title={The conscious mind: In search of a fundamental theory},
  author={Chalmers, David J},
  year={1997},
  publisher={Oxford Paperbacks},
  note={ISBN: 978-0-19-511789-9}
}

@book{dennett1993consciousness,
  title={Consciousness explained},
  author={Dennett, Daniel C},
  year={1993},
  publisher={Penguin UK},
  note={ISBN: 978-0-14-012867-3}
}

@article{friston2010free,
  title={The free-energy principle: A unified brain theory?},
  author={Friston, Karl},
  journal={Nature Reviews Neuroscience},
  volume={11},
  number={2},
  pages={127--138},
  year={2010},
  publisher={Nature Publishing Group},
  note={DOI: 10.1038/nrn2787}
}

@book{hofstadter1999godel,
  title={G{\"o}del, Escher, Bach: an eternal golden braid},
  author={Hofstadter, Douglas R},
  year={1999},
  publisher={Basic Books},
  note={ISBN: 978-0-465-02656-2}
}

@article{levin2019computational,
  title={The computational boundary of a “self”: developmental bioelectricity drives multicellularity and scale-free cognition},
  author={Levin, Michael},
  journal={Frontiers in Psychology},
  volume={10},
  pages={2688},
  year={2019},
  publisher={Frontiers Media SA},
  note={DOI: 10.3389/fpsyg.2019.02688}
}

@article{margulis2001conscious,
  title={The conscious cell},
  author={Margulis, Lynn},
  journal={Annals of the New York Academy of Sciences},
  volume={929},
  number={1},
  pages={55--70},
  year={2001},
  publisher={Wiley Online Library},
  note={DOI: 10.1111/j.1749-6632.2001.tb05709.x}
}

@book{maturana1991autopoiesis,
  title={Autopoiesis and cognition: The realization of the living},
  author={Maturana, Humberto R and Varela, Francisco J},
  volume={42},
  year={1991},
  publisher={Springer Science \& Business Media},
  note={ISBN: 978-90-277-1016-1}
}

@incollection{nagel1980like,
  title={What is it like to be a bat?},
  author={Nagel, Thomas},
  booktitle={The language and thought series},
  pages={159--168},
  year={1980},
  publisher={Harvard University Press}
}

@book{prigogine2018order,
  title={Order out of chaos: Man's new dialogue with nature},
  author={Prigogine, Ilya and Stengers, Isabelle},
  year={2018},
  publisher={Verso Books},
  note={ISBN: 978-1-78663-100-5}
}

@book{seth2021being,
  title={Being you: A new science of consciousness},
  author={Seth, Anil},
  year={2021},
  publisher={Penguin},
  note={ISBN: 978-1-5247-4287-4}
}

@misc{seth2024conscious,
  title={Conscious artificial intelligence and biological naturalism},
  author={Seth, Anil},
  year={2024},
  publisher={PyArXiv},
  note={Available at: https://osf.io/preprints/psyarxiv/tz6an}
}

@article{tononi2015consciousness,
  title={Consciousness: here, there and everywhere?},
  author={Tononi, Giulio and Koch, Christof},
  journal={Philosophical Transactions of the Royal Society B: Biological Sciences},
  volume={370},
  number={1668},
  pages={20140167},
  year={2015},
  publisher={The Royal Society},
  note={DOI: 10.1098/rstb.2014.0167}
}

@article{baars2005global,
  title={Global workspace theory of consciousness: toward a cognitive neuroscience of human experience},
  author={Baars, Bernard J},
  journal={Progress in Brain Research},
  volume={150},
  pages={45--53},
  year={2005},
  publisher={Elsevier},
  note={DOI: 10.1016/S0079-6123(05)50004-9}
}

@incollection{chalmers2006strong,
  title={Strong and weak emergence},
  author={Chalmers, David J},
  booktitle={The re-emergence of emergence: The emergentist hypothesis from science to religion},
  editor={Clayton, Philip and Davies, Paul},
  pages={244--256},
  year={2006},
  publisher={Oxford University Press},
  note={ISBN: 978-0-19-954431-8}
}

@book{clark2010supersizing,
  title={Supersizing the mind: Embodiment, action, and cognitive extension},
  author={Clark, Andy},
  year={2010},
  publisher={Oxford University Press},
  note={ISBN: 978-0-19-533321-3}
}

@book{deacon2011incomplete,
  title={Incomplete nature: How mind emerged from matter},
  author={Deacon, Terrence W},
  year={2011},
  publisher={W.W. Norton \& Company},
  note={ISBN: 978-0-393-04991-6}
}

@article{edwards2005consciousness,
  title={Is consciousness only a property of individual cells?},
  author={Edwards, Jonathan C.W.},
  journal={Journal of Consciousness Studies},
  volume={12},
  number={4-5},
  pages={60--76},
  year={2005},
  publisher={Imprint Academic}
}

@book{godfrey2016other,
  title={Other minds: The octopus, the sea, and the deep origins of consciousness},
  author={Godfrey-Smith, Peter},
  year={2016},
  publisher={Farrar, Straus and Giroux},
  note={ISBN: 978-0-374-11521-1}
}

@article{lyon2015cognitive,
  title={The cognitive cell: bacterial behavior reconsidered},
  author={Lyon, Pamela},
  journal={Frontiers in Microbiology},
  volume={6},
  pages={264},
  year={2015},
  publisher={Frontiers Media SA},
  note={DOI: 10.3389/fmicb.2015.00264}
}

@book{margulis2000life,
  title={What is life?},
  author={Margulis, Lynn and Sagan, Dorion},
  year={2000},
  publisher={University of California Press},
  note={ISBN: 978-0-520-22021-0}
}

@book{searle1992rediscovery,
  title={The rediscovery of the mind},
  author={Searle, John R},
  year={1992},
  publisher={MIT Press},
  note={ISBN: 978-0-262-19320-7}
}

@incollection{searle2017biological,
  title={Biological naturalism},
  author={Searle, John},
  booktitle={The Blackwell Companion to Consciousness},
  editor={Schneider, Susan and Velmans, Max},
  pages={327--336},
  year={2017},
  publisher={Wiley Online Library},
  note={DOI: 10.1002/9781119132363.ch25}
}

@article{shapiro2007bacteria,
  title={Bacteria are small but not stupid: cognition, natural genetic engineering and socio-bacteriology},
  author={Shapiro, James A},
  journal={Studies in History and Philosophy of Science Part C: Studies in History and Philosophy of Biological and Biomedical Sciences},
  volume={38},
  number={4},
  pages={807--819},
  year={2007},
  publisher={Elsevier},
  note={DOI: 10.1016/j.shpsc.2007.09.010}
}

@book{thompson2010mind,
  title={Mind in life: Biology, phenomenology, and the sciences of mind},
  author={Thompson, Evan},
  year={2010},
  publisher={Harvard University Press},
  note={ISBN: 978-0-674-05751-7}
}

@article{van2006principles,
  title={Principles of minimal cognition: Casting cognition as sensorimotor coordination},
  author={Van Duijn, Marc and Keijzer, Fred and Franken, Daan},
  journal={Adaptive Behavior},
  volume={14},
  number={2},
  pages={157--170},
  year={2006},
  publisher={Sage Publications},
  note={DOI: 10.1177/105971230601400207}
}

@article{varela1997patterns,
  title={Patterns of life: Intertwining identity and cognition},
  author={Varela, Francisco J},
  journal={Brain and Cognition},
  volume={34},
  number={1},
  pages={72--87},
  year={1997},
  publisher={Academic Press},
  note={DOI: 10.1006/brcg.1997.0907}
}

@book{piccinini2020neurocognitive,
  title={Neurocognitive Mechanisms: Explaining Biological Cognition},
  author={Piccinini, Gualtiero},
  year={2020},
  publisher={Oxford University Press},
  note={ISBN: 978-0-19-886628-2}
}

@book{anderson2024physical,
  title={The physical signature of computation: A robust mapping account},
  author={Anderson, Neal G and Piccinini, Gualtiero},
  year={2024},
  publisher={Oxford University Press}
}

@book{whitehead2010process,
  title={Process and reality},
  author={Whitehead, Alfred North},
  year={2010},
  publisher={Simon and Schuster}
}

@book{churchland1986neurophilosophy,
  title={Neurophilosophy: Toward a Unified Science of the Mind-Brain},
  author={Churchland, Patricia S.},
  year={1986},
  publisher={MIT Press},
  note={ISBN: 978-0262530859}
}

@article{Baars2013,
  author = {Bernard J. Baars and Stan Franklin and Thomas Z. Ramsoy},
  title = {Global Workspace Dynamics: Cortical Binding and Propagation Enables Conscious Contents},
  journal = {Frontiers in Psychology},
  year = {2013},
  volume = {4},
  pages = {200},
  note = {DOI: 10.3389/fpsyg.2013.00200}
}

@article{piccinini2013neural,
  title={Neural computation and the computational theory of cognition},
  author={Piccinini, Gualtiero and Bahar, Sonya},
  journal={Cognitive Science},
  volume={37},
  number={3},
  pages={453--488},
  year={2013},
  publisher={Wiley Online Library},
  note={DOI: 10.1111/cogs.12012}
}

@article{bishop2009computers,
  title={Why computers can’t feel pain},
  author={Bishop, Mark},
  journal={Minds and Machines},
  volume={19},
  pages={507--516},
  year={2009},
  publisher={Springer},
  note={DOI: 10.1007/s11023-009-9160-5}
}

@book{dreyfus1992computers,
  title={What Computers Still Can’t Do: A Critique of Artificial Reason},
  author={Dreyfus, Hubert L},
  year={1992},
  publisher={MIT Press},
  note={ISBN: 978-0-262-54067-4}
}

@book{gibson2014ecological,
  title={The Ecological Approach to Visual Perception: Classic Edition},
  author={Gibson, James J},
  year={2014},
  publisher={Psychology Press},
  note={ISBN: 978-1-84872-578-2}
}

@article{harnad1990symbol,
  title={The Symbol Grounding Problem},
  author={Harnad, Stevan},
  journal={Physica D: Nonlinear Phenomena},
  volume={42},
  number={1-3},
  pages={335--346},
  year={1990},
  publisher={Elsevier},
  note={DOI: 10.1016/0167-2789(90)90087-6}
}

@book{horst2011symbols,
  title={Symbols, Computation, and Intentionality: A Critique of the Computational Theory of Mind},
  author={Horst, Steven},
  year={2011},
  publisher={Steven Horst},
  note={ISBN: 978-0-262-08282-2}
}

@book{jonas2001phenomenon,
  title={The Phenomenon of Life: Toward a Philosophical Biology},
  author={Jonas, Hans},
  year={2001},
  publisher={Northwestern University Press},
  note={ISBN: 978-0-8101-1803-1}
}

@book{noe2009out,
  title={Out of Our Heads: Why You Are Not Your Brain, and Other Lessons from the Biology of Consciousness},
  author={No{\"e}, Alva},
  year={2009},
  publisher={Macmillan},
  note={ISBN: 978-0-8090-6447-0}
}

@book{penrose1994shadows,
  title={Shadows of the Mind: A Search for the Missing Science of Consciousness},
  author={Penrose, Roger},
  year={1994},
  publisher={Oxford University Press},
  note={ISBN: 978-0-19-853978-0}
}

@book{putnam1988representation,
  title={Representation and Reality},
  author={Putnam, Hilary},
  year={1988},
  publisher={MIT Press},
  note={ISBN: 978-0-262-66074-7}
}

@book{rosen1991life,
  title={Life Itself: A Comprehensive Inquiry into the Nature, Origin, and Fabrication of Life},
  author={Rosen, Robert},
  year={1991},
  publisher={Columbia University Press},
  note={ISBN: 978-0-231-07565-2}
}

@article{searle1980minds,
  title={Minds, Brains, and Programs},
  author={Searle, John},
  journal={Behavioral and Brain Sciences},
  volume={3},
  number={3},
  pages={417--424},
  year={1980},
  publisher={Cambridge University Press},
  note={DOI: 10.1017/S0140525X00005756}
}

@article{thompson2001radical,
  title={Radical embodiment: neural dynamics and consciousness},
  author={Thompson, Evan and Varela, Francisco J},
  journal={Trends in Cognitive Sciences},
  volume={5},
  number={10},
  pages={418--425},
  year={2001},
  publisher={Elsevier},
  note={DOI: 10.1016/S1364-6613(00)01750-2}
}

@article{van1995might,
  title={What might cognition be, if not computation?},
  author={Van Gelder, Tim},
  journal={The Journal of Philosophy},
  volume={92},
  number={7},
  pages={345--381},
  year={1995},
  publisher={JSTOR},
  note={DOI: 10.2307/2941061}
}

@book{wheeler2005reconstructing,
  title={Reconstructing the Cognitive World: The Next Step},
  author={Wheeler, Michael},
  year={2005},
  publisher={MIT Press},
  note={ISBN: 978-0-262-73155-3}
}

@article{chemero2013radical,
  title={Radical embodied cognitive science},
  author={Chemero, Anthony},
  journal={Review of General Psychology},
  volume={17},
  number={2},
  pages={145--150},
  year={2013},
  publisher={SAGE Publications},
  note={DOI: 10.1037/a0032923}
}

@article{difrisco2014hylomorphism,
  title={Hylomorphism and the metabolic closure conception of life},
  author={DiFrisco, James},
  journal={Acta Biotheoretica},
  volume={62},
  pages={499--525},
  year={2014},
  publisher={Springer},
  note={DOI: 10.1007/s10441-014-9233-9}
}

@book{dupre2012processes,
  title={Processes of Life: Essays in the Philosophy of Biology},
  author={Dupr{\'e}, John},
  year={2012},
  publisher={Oxford University Press},
  note={ISBN: 978-0-19-969198-2}
}

@book{ganeri2012self,
  title={The Self: Naturalism, Consciousness, and the First-Person Stance},
  author={Ganeri, Jonardon},
  year={2012},
  publisher={Oxford University Press},
  note={ISBN: 978-0-19-965236-5}
}

@book{gillett2016reduction,
  title={Reduction and Emergence in Science and Philosophy},
  author={Gillett, Carl},
  year={2016},
  publisher={Cambridge University Press},
  note={ISBN: 978-1-107-04190-0}
}

@book{hutto2012radicalizing,
  title={Radicalizing Enactivism: Basic Minds without Content},
  author={Hutto, Daniel D and Myin, Erik},
  year={2012},
  publisher={MIT Press},
  note={ISBN: 978-0-262-01751-0}
}

@book{mossio2015biological,
  title={Biological Autonomy: A Philosophical and Theoretical Enquiry},
  author={Mossio, Matteo and Moreno, Alvaro},
  year={2015},
  publisher={Springer},
  note={ISBN: 978-94-017-9836-5}
}

@book{nicholson2018everything,
  title={Everything Flows: Towards a Processual Philosophy of Biology},
  author={Nicholson, Daniel J and Dupr{\'e}, John},
  year={2018},
  publisher={Oxford University Press},
  note={ISBN: 978-0-19-877963-6}
}

@book{noe2012varieties,
  title={Varieties of Presence},
  author={No{\"e}, Alva},
  year={2012},
  publisher={Harvard University Press},
  note={ISBN: 978-0-674-06557-4}
}

@book{oyama2000ontogeny,
  title={The Ontogeny of Information: Developmental Systems and Evolution},
  author={Oyama, Susan},
  year={2000},
  publisher={Duke University Press},
  note={ISBN: 978-0-8223-2473-8}
}

@book{piccinini2015physical,
  title={Physical Computation: A Mechanistic Account},
  author={Piccinini, Gualtiero},
  year={2015},
  publisher={Oxford University Press},
  note={ISBN: 978-0-19-965885-5}
}

@book{polger2016multiple,
  title={The Multiple Realization Book},
  author={Polger, Thomas W and Shapiro, Lawrence A},
  year={2016},
  publisher={Oxford University Press},
  note={ISBN: 978-0-19-877989-6}
}

@article{thompson2011living,
  title={Living ways of sense making},
  author={Thompson, Evan},
  journal={Philosophy Today},
  volume={55},
  number={Supplement},
  pages={114--123},
  year={2011},
  note={DOI: 10.5840/philtoday201155Supplement8}
}

@article{van1998dynamical,
  title={The dynamical hypothesis in cognitive science},
  author={Van Gelder, Tim},
  journal={Behavioral and Brain Sciences},
  volume={21},
  number={5},
  pages={615--628},
  year={1998},
  publisher={Cambridge University Press},
  note={DOI: 10.1017/S0140525X98001733}
}

@article{wheeler2010defense,
  title={In defense of extended functionalism},
  author={Wheeler, Michael},
  journal={Metaphilosophy},
  volume={41},
  number={4},
  pages={506--534},
  year={2010},
  publisher={Wiley Online Library},
  note={DOI: 10.1111/j.1467-9973.2010.01652.x}
}

@article{foglia2013embodied,
  title={Embodied cognition},
  author={Foglia, Lucia and Wilson, Robert A},
  journal={Wiley Interdisciplinary Reviews: Cognitive Science},
  volume={4},
  number={3},
  pages={319--325},
  year={2013},
  publisher={Wiley Online Library},
  note={DOI: 10.1002/wcs.1226}
}

@book{marr1982vision,
  title={Vision: A Computational Investigation into the Human Representation and Processing of Visual Information},
  author={Marr, David},
  year={1982},
  publisher={MIT Press},
  address={Cambridge, MA},
  note={ISBN: 978-0-262-13287-9}
}

@article{turing1936computable,
  title={On computable numbers, with an application to the Entscheidungsproblem},
  author={Turing, Alan M.},
  journal={Proceedings of the London Mathematical Society},
  volume={s2-42},
  number={1},
  pages={230--265},
  year={1936},
  publisher={Oxford University Press},
  note={DOI: 10.1112/plms/s2-42.1.230}
}

@book{armstrong2002materialist,
  title={A Materialist Theory of the Mind},
  author={Armstrong, David Malet},
  year={2002},
  publisher={Routledge},
  note={ISBN: 978-0203003237, DOI: 10.4324/9780203003237}
}

@article{bechtel1999multiple,
  title={Multiple Realizability Revisited: Linking Cognitive and Neural States},
  author={Bechtel, William and Mundale, Jennifer},
  journal={Philosophy of Science},
  volume={66},
  number={2},
  pages={175--207},
  year={1999},
  publisher={University of Chicago Press},
  note={DOI: 10.1086/392683}
}

@article{block1972what,
  title={What Psychological States Are Not},
  author={Block, Ned and Fodor, Jerry A.},
  journal={The Philosophical Review},
  volume={81},
  number={2},
  pages={159--181},
  year={1972},
  publisher={Duke University Press},
  note={DOI: 10.2307/2184031}
}

@book{craver2007explaining,
  title={Explaining the Brain: Mechanisms and the Mosaic Unity of Neuroscience},
  author={Craver, Carl F.},
  year={2007},
  publisher={Oxford University Press},
  note={ISBN: 978-0199299317, URL: https://global.oup.com/academic/product/explaining-the-brain-9780199299317}
}

@book{feigl1967mental,
  title={The "Mental" and the "Physical": The Essay and a Postscript},
  author={Feigl, Herbert},
  year={1967},
  publisher={University of Minnesota Press},
  note={ISBN: 978-0816604410}
}

@article{kim1992multiple,
  title={Multiple Realization and the Metaphysics of Reduction},
  author={Kim, Jaegwon},
  journal={Philosophy and Phenomenological Research},
  volume={52},
  number={1},
  pages={1--26},
  year={1992},
  publisher={International Phenomenological Society},
  note={DOI: 10.2307/2107741}
}

@article{lewis1966argument,
  title={An Argument for the Identity Theory},
  author={Lewis, David K.},
  journal={The Journal of Philosophy},
  volume={63},
  number={1},
  pages={17--25},
  year={1966},
  publisher={Journal of Philosophy, Inc.},
  note={DOI: 10.2307/2024524}
}

@article{place1956is,
  title={Is Consciousness a Brain Process?},
  author={Place, U. T.},
  journal={British Journal of Psychology},
  volume={47},
  number={1},
  pages={44--50},
  year={1956},
  publisher={Wiley Online Library},
  note={DOI: 10.1111/j.2044-8295.1956.tb00560.x}
}

@article{polger2009evaluating,
  title={Identity Theories},
  author={Polger, Thomas W.},
  journal={Philosophy Compass},
  volume={4},
  number={5},
  pages={822--834},
  year={2009},
  publisher={Wiley Online Library},
  note={DOI: 10.1111/j.1747-9991.2009.00236.x}
}

@incollection{putnam1967psychological,
  title={Psychological Predicates},
  author={Putnam, Hilary},
  booktitle={Art, Mind, and Religion},
  editor={Capitan, W. H. and Merrill, D. D.},
  pages={37--48},
  year={1967},
  publisher={University of Pittsburgh Press},
  note={DOI: 10.1093/acprof:oso/9780198243861.003.0003}
}

@article{richardson2008multiple,
  title={Multiple Realization and Methodological Pluralism},
  author={Richardson, Robert C.},
  journal={Synthese},
  volume={167},
  number={3},
  pages={473--492},
  year={2008},
  publisher={Springer},
  note={DOI: 10.1007/s11229-008-9373-3}
}

@article{shapiro2000multiple,
  title={Multiple Realizations},
  author={Shapiro, Lawrence A.},
  journal={The Journal of Philosophy},
  volume={97},
  number={12},
  pages={635--654},
  year={2000},
  publisher={Journal of Philosophy, Inc.},
  note={DOI: 10.2307/2678446}
}

@article{smart1959sensations,
  title={Sensations and Brain Processes},
  author={Smart, J. J. C.},
  journal={The Philosophical Review},
  volume={68},
  number={2},
  pages={141--156},
  year={1959},
  publisher={Duke University Press},
  note={DOI: 10.2307/2182164}
}

@article{wilson2001two,
  title={Two Views of Realization},
  author={Wilson, Robert A.},
  journal={Philosophical Studies},
  volume={104},
  number={1},
  pages={1--31},
  year={2001},
  publisher={Springer},
  note={DOI: 10.1023/A:1010326400110}
}

@article{baars2002conscious,
  title={The conscious access hypothesis: origins and recent evidence},
  author={Baars, Bernard J.},
  journal={Trends in Cognitive Sciences},
  volume={6},
  number={1},
  pages={47--52},
  year={2002},
  publisher={Elsevier},
  note={DOI: 10.1016/S1364-6613(00)01819-2}
}

@book{bayne2010unity,
  title={The Unity of Consciousness},
  author={Bayne, Tim},
  year={2010},
  publisher={Oxford University Press},
  note={ISBN: 978-0-19-921538-6}
}

@incollection{bayne2003what,
  title={What is the Unity of Consciousness?},
  author={Bayne, Tim and Chalmers, David J.},
  booktitle={The Unity of Consciousness: Binding, Integration, and Dissociation},
  editor={Cleeremans, Axel},
  pages={23--58},
  year={2003},
  publisher={Oxford University Press}
}

@incollection{brook2017unity,
  title={The Unity of Consciousness},
  author={Brook, Andrew and Raymont, Paul},
  booktitle={The Stanford Encyclopedia of Philosophy},
  editor={Zalta, Edward N.},
  year={2017},
  publisher={Metaphysics Research Lab, Stanford University}
}

@article{carhart2014entropic,
  title={The entropic brain: a theory of conscious states informed by neuroimaging research with psychedelic drugs},
  author={Carhart-Harris, Robin L. and Leech, Robert and Hellyer, Peter J. and Shanahan, Murray and Feilding, Amanda and Tagliazucchi, Enzo and Nutt, David},
  journal={Frontiers in Human Neuroscience},
  volume={8},
  pages={20},
  year={2014},
  publisher={Frontiers},
  note={DOI: 10.3389/fnhum.2014.00020}
}

@book{dainton2006stream,
  title={Stream of Consciousness: Unity and Continuity in Conscious Experience},
  author={Dainton, Barry},
  year={2006},
  publisher={Routledge},
  note={ISBN: 978-0-415-31716-0}
}

@article{dehaene2011experimental,
  title={Experimental and theoretical approaches to conscious processing},
  author={Dehaene, Stanislas and Changeux, Jean-Pierre},
  journal={Neuron},
  volume={70},
  number={2},
  pages={200--227},
  year={2011},
  publisher={Elsevier},
  note={DOI: 10.1016/j.neuron.2011.03.018}
}

@article{hameroff2014consciousness,
  title={Consciousness in the universe: A review of the 'Orch OR' theory},
  author={Hameroff, Stuart and Penrose, Roger},
  journal={Physics of Life Reviews},
  volume={11},
  number={1},
  pages={39--78},
  year={2014},
  publisher={Elsevier},
  note={DOI: 10.1016/j.plrev.2013.08.002}
}

@book{james1890principles,
  title={The Principles of Psychology},
  author={James, William},
  year={1890},
  publisher={Henry Holt and Company},
  comment={Available at: https://archive.org/details/theprinciplesofpsychologyvoli}
}

@article{koch2017can,
  title={Can we quantify machine consciousness?},
  author={Koch, Christof and Tononi, Giulio},
  journal={IEEE Spectrum},
  volume={54},
  number={10},
  pages={64--69},
  year={2017},
  publisher={IEEE},
  note={DOI: 10.1109/MSPEC.2017.8048830}
}

@article{mashour2020conscious,
  title={Conscious processing and the global neuronal workspace hypothesis},
  author={Mashour, George A. and Roelfsema, Pieter and Changeux, Jean-Pierre and Dehaene, Stanislas},
  journal={Neuron},
  volume={105},
  number={5},
  pages={776--798},
  year={2020},
  publisher={Elsevier},
  note={DOI: 10.1016/j.neuron.2020.01.026}
}

@book{revonsuo2006inner,
  title={Inner Presence: Consciousness as a Biological Phenomenon},
  author={Revonsuo, Antti},
  year={2006},
  publisher={MIT Press},
  note={ISBN: 978-0-262-18234-8}
}

@book{tani2016exploring,
  title={Exploring Robotic Minds: Actions, Symbols, and Consciousness as Self-Organizing Dynamic Phenomena},
  author={Tani, Jun},
  year={2016},
  publisher={Oxford University Press},
  note={ISBN: 978-0-19-028106-9}
}

@article{tononi2016integrated,
  title={Integrated information theory: from consciousness to its physical substrate},
  author={Tononi, Giulio and Boly, Melanie and Massimini, Marcello and Koch, Christof},
  journal={Nature Reviews Neuroscience},
  volume={17},
  number={7},
  pages={450--461},
  year={2016},
  publisher={Nature Publishing Group},
  note={DOI: 10.1038/nrn.2016.44}
}

@article{varela1999present,
  title={Present-time consciousness},
  author={Varela, Francisco J.},
  journal={Journal of Consciousness Studies},
  volume={6},
  number={2-3},
  pages={111--140},
  year={1999},
  publisher={Imprint Academic}
}

@article{bennett2007mental,
  title={Mental Causation},
  author={Bennett, Karen},
  journal={Philosophy Compass},
  volume={2},
  number={2},
  pages={316--337},
  year={2007},
  publisher={Wiley Online Library},
  note={DOI: 10.1111/j.1747-9991.2007.00063.x}
}

@article{clark2013whatever,
  title={Whatever Next? Predictive Brains, Situated Agents, and the Future of Cognitive Science},
  author={Clark, Andy},
  journal={Behavioral and Brain Sciences},
  volume={36},
  number={3},
  pages={181--204},
  year={2013},
  publisher={Cambridge University Press},
  note={DOI: 10.1017/S0140525X12000477}
}

@book{dennett2017from,
  title={From Bacteria to Bach and Back: The Evolution of Minds},
  author={Dennett, Daniel C.},
  year={2017},
  publisher={W.W. Norton \& Company},
  note={ISBN: 978-0-393-24207-2}
}

@book{di2017sensorimotor,
  title={Sensorimotor Life: An Enactive Proposal},
  author={Di Paolo, Ezequiel and Buhrmann, Tom and Barandiaran, Xabier},
  year={2017},
  publisher={Oxford University Press},
  note={ISBN: 978-0-19-878683-2}
}

@book{gallagher2005how,
  title={How the Body Shapes the Mind},
  author={Gallagher, Shaun},
  year={2005},
  publisher={Oxford University Press},
  note={ISBN: 978-0-19-927194-8}
}

@incollection{haugeland1993mind,
  title={Mind Embodied and Embedded},
  author={Haugeland, John},
  booktitle={Mind and Cognition},
  editor={Houng, Yih-Hsien and Ho, J.},
  pages={233--267},
  year={1993},
  publisher={Academia Sinica}
}

@book{hurley1998consciousness,
  title={Consciousness in Action},
  author={Hurley, Susan},
  year={1998},
  publisher={Harvard University Press},
  note={ISBN: 978-0-674-15431-2}
}

@book{kirchhoff2019extended,
  title={Extended Consciousness and Predictive Processing: A Third Wave View},
  author={Kirchhoff, Michael D. and Kiverstein, Julian},
  year={2019},
  publisher={Routledge},
  note={ISBN: 978-1-138-48466-0}
}

@book{noe2004action,
  title={Action in Perception},
  author={Noë, Alva},
  year={2004},
  publisher={MIT Press},
  note={ISBN: 978-0-262-14089-8}
}

@article{oregan2001sensorimotor,
  title={A Sensorimotor Account of Vision and Visual Consciousness},
  author={O'Regan, J. Kevin and Noë, Alva},
  journal={Behavioral and Brain Sciences},
  volume={24},
  number={5},
  pages={939--973},
  year={2001},
  publisher={Cambridge University Press},
  note={DOI: 10.1017/S0140525X01000115}
}

@book{ryle1949concept,
  title={The Concept of Mind},
  author={Ryle, Gilbert},
  year={1949},
  publisher={Hutchinson},
  note={ISBN: 978-0-226-73295-3}
}

@book{thompson2007mind,
  title={Mind in Life: Biology, Phenomenology, and the Sciences of Mind},
  author={Thompson, Evan},
  year={2007},
  publisher={Harvard University Press},
  note={ISBN: 978-0-674-02586-5}
}

@article{van1995what,
  title={What Might Cognition Be, If Not Computation?},
  author={Van Gelder, Tim},
  journal={The Journal of Philosophy},
  volume={92},
  number={7},
  pages={345--381},
  year={1995},
  publisher={Journal of Philosophy, Inc.},
  note={DOI: 10.2307/2941061}
}

@book{varela1991embodied,
  title={The Embodied Mind: Cognitive Science and Human Experience},
  author={Varela, Francisco J. and Thompson, Evan and Rosch, Eleanor},
  year={1991},
  publisher={MIT Press},
  note={ISBN: 978-0-262-72021-3}
}

@book{wilson2004boundaries,
  title={Boundaries of the Mind: The Individual in the Fragile Sciences},
  author={Wilson, Robert A.},
  year={2004},
  publisher={Cambridge University Press},
  note={ISBN: 978-0-521-53390-2}
}

@book{bickhard1995foundational,
  title={Foundational Issues in Artificial Intelligence and Cognitive Science: Impasse and Solution},
  author={Bickhard, Mark H. and Terveen, Loren},
  year={1995},
  publisher={Elsevier},
  note={ISBN: 978-0-444-82048-8, DOI: 10.1016/B978-0-444-82048-8.50020-6}
}

@incollection{copeland2017church,
  title={The Church-Turing Thesis},
  author={Copeland, B. Jack},
  booktitle={The Stanford Encyclopedia of Philosophy},
  editor={Zalta, Edward N.},
  year={2017},
  publisher={Metaphysics Research Lab, Stanford University},
  note={URL: https://plato.stanford.edu/archives/win2017/entries/church-turing/}
}

@book{dreyfus1972what,
  title={What Computers Can't Do: A Critique of Artificial Reason},
  author={Dreyfus, Hubert L.},
  year={1972},
  publisher={Harper \& Row},
  note={ISBN: 978-0-06-011082-6}
}

@book{fodor2000mind,
  title={The Mind Doesn't Work That Way: The Scope and Limits of Computational Psychology},
  author={Fodor, Jerry A.},
  year={2000},
  publisher={MIT Press},
  note={ISBN: 978-0-262-56146-4}
}

@book{kripke1982wittgenstein,
  title={Wittgenstein on Rules and Private Language},
  author={Kripke, Saul A.},
  year={1982},
  publisher={Harvard University Press},
  note={ISBN: 978-0-674-95401-2}
}

@article{lucas1961minds,
  title={Minds, Machines and G{\"o}del},
  author={Lucas, John R.},
  journal={Philosophy},
  volume={36},
  number={137},
  pages={112--127},
  year={1961},
  publisher={Cambridge University Press},
  note={DOI: 10.1017/S0031819100057983}
}

@book{maturana1980autopoiesis,
  title={Autopoiesis and Cognition: The Realization of the Living},
  author={Maturana, Humberto R. and Varela, Francisco J.},
  year={1980},
  publisher={D. Reidel Publishing Company},
  note={ISBN: 978-90-277-1015-5}
}

@book{penrose1989emperor,
  title={The Emperor's New Mind: Concerning Computers, Minds, and the Laws of Physics},
  author={Penrose, Roger},
  year={1989},
  publisher={Oxford University Press},
  note={ISBN: 978-0-19-851973-7}
}

@book{smith2019promise,
  title={The Promise of Artificial Intelligence: Reckoning and Judgment},
  author={Smith, Brian Cantwell},
  year={2019},
  publisher={MIT Press},
  note={ISBN: 978-0-262-03925-2}
}

@article{turing1950computing,
  title={Computing Machinery and Intelligence},
  author={Turing, Alan M.},
  journal={Mind},
  volume={59},
  number={236},
  pages={433--460},
  year={1950},
  publisher={Oxford University Press},
  note={DOI: 10.1093/mind/LIX.236.433}
}

@book{wittgenstein1953philosophical,
  title={Philosophical Investigations},
  author={Wittgenstein, Ludwig},
  year={1953},
  publisher={Blackwell Publishing},
  note={ISBN: 978-0-631-23127-1}
}

@book{Goff2019,
  author    = {Philip Goff},
  title     = {Galileo's Error: Foundations for a New Science of Consciousness},
  publisher = {Pantheon Books},
  year      = {2019},
  note      = {ISBN: 9781524747961}
}

@article{McFadden2020,
  author = {John McFadden},
  title = {Integrating Information in the Brain's EM Field: The cemi Field Theory of Consciousness},
  journal = {Neuroscience of Consciousness},
  year = {2020},
  volume = {2020},
  number = {1},
  pages = {niaa016},
  note = {DOI: 10.1093/nc/niaa016}
}

@misc{butlin2023consciousnessartificialintelligenceinsights,
      title={Consciousness in Artificial Intelligence: Insights from the Science of Consciousness}, 
      author={Patrick Butlin and Robert Long and Eric Elmoznino and Yoshua Bengio and Jonathan Birch and Axel Constant and George Deane and Stephen M. Fleming and Chris Frith and Xu Ji and Ryota Kanai and Colin Klein and Grace Lindsay and Matthias Michel and Liad Mudrik and Megan A. K. Peters and Eric Schwitzgebel and Jonathan Simon and Rufin VanRullen},
      year={2023},
      eprint={2308.08708},
      archivePrefix={arXiv},
      primaryClass={cs.AI},
      url={https://arxiv.org/abs/2308.08708}, 
}

@book{juarrero2023context,
  title={Context changes everything: how constraints create coherence},
  author={Juarrero, Alicia},
  year={2023},
  publisher={MIT Press}
}

@article{Giaume2010,
  title={Astroglial networks: A step further in neuroglial and gliovascular interactions},
  author={Giaume, Christian and Koulakoff, Alain and Roux, Laurent and Holcman, David and Rouach, Nathalie},
  journal={Nature Reviews Neuroscience},
  volume={11},
  number={2},
  pages={87--99},
  year={2010},
  note={DOI: 10.1038/nrn2757}
}

@article{Hawrylycz2012,
  title={An anatomically comprehensive atlas of the adult human brain transcriptome},
  author={Hawrylycz, Michael J. and Lein, Ed S. and Guillozet-Bongaarts, Angela L. et al.},
  journal={Nature},
  volume={489},
  number={7416},
  pages={391--399},
  year={2012},
  note={DOI: 10.1038/nature11405}
}

@article{Baars2019,
  author = {Bernard J. Baars and Stan Franklin},
  title = {Global Workspace Theory: Recent Developments in Understanding Consciousness},
  journal = {Nature Reviews Neuroscience},
  year = {2019},
  volume = {20},
  number = {3},
  pages = {137--151},
  note = {DOI: 10.1038/s41583-019-0123-6}
}

@book{nagel1989view,
  title={The view from nowhere},
  author={Nagel, Thomas},
  year={1989},
  publisher={oxford university press}
}

@article{Berndt2012,
  title={Bioenergetic consequences of metabolic compartmentation in neural cells},
  author={Berndt, Nikolaus and Bulik, Sascha and Holzh{\"u}tter, Hermann-Georg},
  journal={Journal of Biological Chemistry},
  volume={287},
  number={14},
  pages={11196--11206},
  year={2012},
  note={DOI: 10.1074/jbc.M111.312652}
}

@book{Bredon1997,
  title={Sheaf Theory},
  author={Bredon, Glen E.},
  edition={2nd},
  year={1997},
  publisher={Springer-Verlag},
  address={New York},
  note={ISBN: 978-0-387-94905-5}
}

@article{Arnowitt2008,
  title={Republication of: The dynamics of general relativity},
  author={Arnowitt, Richard and Deser, Stanley and Misner, Charles W.},
  journal={General Relativity and Gravitation},
  volume={40},
  number={9},
  pages={1997--2027},
  year={2008},
  publisher={Springer},
  note={DOI: 10.1007/s10714-008-0661-1, URL: https://link.springer.com/article/10.1007/s10714-008-0661-1}
}

@article{Lyon2021,
  title={Reframing cognition: getting down to biological basics},
  author={Lyon, Pamela and Keijzer, Fred and Arendt, Detlev and Levin, Michael},
  journal={Philosophical Transactions of the Royal Society B: Biological Sciences},
  volume={376},
  number={1820},
  pages={20190750},
  year={2021},
  publisher={The Royal Society},
  note={DOI: 10.1098/rstb.2019.0750}
}

@article{Tasic2018,
  title={Shared and distinct transcriptomic cell types across neocortical areas},
  author={Tasic, Bosiljka and Yao, Zizhen and Graybuck, Lucas T. and Smith, Kimberly A. and Nguyen, Thuc Nghi and Bertagnolli, Dale and Goldy, Jeff and Garren, Eric and Economo, Michael N. and Viswanathan, Sree and others},
  journal={Nature},
  volume={563},
  number={7729},
  pages={72--78},
  year={2018},
  note={DOI: 10.1038/s41586-018-0654-5}
}

@inbook{Freedman2011,
  title={The Neurobiology of Categorization},
  author={Freedman, David J. and Assad, John A.},
  booktitle={The Oxford Handbook of Cognitive Neuroscience},
  editor={Ochsner, Kevin N. and Kosslyn, Stephen M.},
  pages={546--560},
  year={2011},
  publisher={Oxford University Press},
  note={DOI: 10.1093/oxfordhb/9780199988656.013.0035}
}

@article{Bazargani2016,
  title={Astrocyte calcium signaling: The third wave},
  author={Bazargani, Narges and Attwell, David},
  journal={Nature Neuroscience},
  volume={19},
  number={2},
  pages={182--189},
  year={2016},
  note={DOI: 10.1038/nn.4201}
}

@article{Dittrich2010,
  author = {Adrian Dittrich and David Lamparter and Manfred Maurer},
  title = {On the Assessment of Altered States of Consciousness: The 5D-ASC Questionnaire},
  journal = {SAGE Open},
  year = {2010},
  volume = {2},
  number = {1},
  pages = {1--12},
  note = {DOI: 10.1177/2158244013490310}
}

@article{Beebee2002,
  title={Humean Compatibilism},
  author={Beebee, Helen and Mele, Alfred},
  journal={Mind},
  volume={111},
  number={442},
  pages={201--224},
  year={2002},
  publisher={Oxford University Press},
  doi={10.1093/mind/111.442.201}
}

@book{Rumelhart1986,
  title={Parallel Distributed Processing: Explorations in the Microstructure of Cognition, Vol. 1: Foundations},
  author={Rumelhart, David E. and McClelland, James L. and the PDP Research Group},
  year={1986},
  publisher={MIT Press},
  address={Cambridge, MA},
  note={ISBN: 9780262181235}
}