@book{Aleksander2005,
  author = {Igor Aleksander},
  title = {The World in My Mind, My Mind in the World: Key Mechanisms of Consciousness in People, Animals and Machines},
  publisher = {Imprint Academic},
  year = {2005},
  note = {ISBN: 978-1845400141}
}

@article{Barandiaran2006,
  author = {Xabier E. Barandiaran and Alvaro Moreno},
  title = {On What Makes Certain Dynamical Systems Cognitive: A Minimally Cognitive Organization Program},
  journal = {Adaptive Behavior},
  year = {2006},
  volume = {14},
  number = {2},
  pages = {171--185},
  note = {DOI: 10.1177/105971230601400208}
}

@article{Beer1997,
  author = {Randall D. Beer},
  title = {The Dynamics of Adaptive Behavior: A Research Program},
  journal = {Robotics and Autonomous Systems},
  year = {1997},
  volume = {20},
  number = {2-4},
  pages = {257--289},
  note = {DOI: 10.1016/S0921-8890(96)00061-7}
}

@article{Bengio2017,
  author = {Yoshua Bengio},
  title = {The Consciousness Prior},
  journal = {arXiv preprint},
  year = {2017},
  volume = {arXiv:1709.08568},
  note = {Available at https://arxiv.org/abs/1709.08568}
}

@article{Brooks1991,
  author = {Rodney A. Brooks},
  title = {Intelligence Without Representation},
  journal = {Artificial Intelligence},
  year = {1991},
  volume = {47},
  number = {1-3},
  pages = {139--159},
  note = {DOI: 10.1016/0004-3702(91)90053-M}
}

@article{Chalmers2010,
  author = {David J. Chalmers},
  title = {The Singularity: A Philosophical Analysis},
  journal = {Journal of Consciousness Studies},
  year = {2010},
  volume = {17},
  number = {9-10},
  pages = {7--65}
}

@book{Clark2013,
  author = {Andy Clark},
  title = {Mindware: An Introduction to the Philosophy of Cognitive Science},
  publisher = {Oxford University Press},
  year = {2013},
  note = {ISBN: 978-0199828157}
}

@article{Dehaene2017,
  author = {Stanislas Dehaene and Hakwan Lau and Sid Kouider},
  title = {What is Consciousness, and Could Machines Have It?},
  journal = {Science},
  year = {2017},
  volume = {358},
  number = {6362},
  pages = {486--492},
  note = {DOI: 10.1126/science.aan8871}
}

@article{DiPaolo2005,
  author = {Ezequiel A. Di Paolo},
  title = {Autopoiesis, Adaptivity, Teleology, Agency},
  journal = {Phenomenology and the Cognitive Sciences},
  year = {2005},
  volume = {4},
  number = {4},
  pages = {429--452},
  note = {DOI: 10.1007/s11097-005-9004-0}
}

@book{Floridi2011,
  author = {Luciano Floridi},
  title = {The Philosophy of Information},
  publisher = {Oxford University Press},
  year = {2011},
  note = {ISBN: 978-0199551376}
}

@article{Froese2009,
  author = {Tom Froese and Tom Ziemke},
  title = {Enactive Artificial Intelligence: Investigating the Systemic Organization of Life and Mind},
  journal = {Artificial Intelligence},
  year = {2009},
  volume = {173},
  number = {3-4},
  pages = {466--500},
  note = {DOI: 10.1016/j.artint.2008.12.001}
}

@article{Holland2003,
  author = {Owen Holland and Rodney Goodman},
  title = {Robots With Internal Models: A Route to Machine Consciousness?},
  journal = {Journal of Consciousness Studies},
  year = {2003},
  volume = {10},
  number = {4-5},
  pages = {77--109}
}

@book{Metzinger2003,
  author = {Thomas Metzinger},
  title = {Being No One: The Self-Model Theory of Subjectivity},
  publisher = {MIT Press},
  year = {2003},
  note = {ISBN: 978-0262134177}
}

@book{Minsky2006,
  author = {Marvin Minsky},
  title = {The Emotion Machine: Commonsense Thinking, Artificial Intelligence, and the Future of the Human Mind},
  publisher = {Simon \& Schuster},
  year = {2006},
  note = {ISBN: 978-0743276641}
}

@book{Moravec1988,
  author = {Hans Moravec},
  title = {Mind Children: The Future of Robot and Human Intelligence},
  publisher = {Harvard University Press},
  year = {1988},
  note = {ISBN: 978-0674576186}
}

@book{Pfeifer2006,
  author = {Rolf Pfeifer and Josh Bongard},
  title = {How the Body Shapes the Way We Think: A New View of Intelligence},
  publisher = {MIT Press},
  year = {2006},
  note = {ISBN: 978-0262162392}
}

@book{Shanahan2010,
  author = {Murray Shanahan},
  title = {Embodiment and the Inner Life: Cognition and Consciousness in the Space of Possible Minds},
  publisher = {Oxford University Press},
  year = {2010},
  note = {ISBN: 978-0199226557}
}

@book{Thompson2007,
  author = {Evan Thompson},
  title = {Mind in Life: Biology, Phenomenology, and the Sciences of Mind},
  publisher = {Harvard University Press},
  year = {2007},
  note = {ISBN: 978-0674025110}
}

@article{vanGelder1998,
  author = {Tim van Gelder},
  title = {The Dynamical Hypothesis in Cognitive Science},
  journal = {Behavioral and Brain Sciences},
  year = {1998},
  volume = {21},
  number = {5},
  pages = {615--628},
  note = {DOI: 10.1017/S0140525X98001733}
}

@book{Wheeler2005,
  author = {Michael Wheeler},
  title = {Reconstructing the Cognitive World: The Next Step},
  publisher = {MIT Press},
  year = {2005},
  note = {ISBN: 978-0262232453}
}

@book{Bostrom2014,
  author = {Nick Bostrom},
  title = {Superintelligence: Paths, Dangers, Strategies},
  publisher = {Oxford University Press},
  year = {2014},
  note = {ISBN: 978-0198739836}
}

@book{Braitenberg1986,
  author = {Valentino Braitenberg},
  title = {Vehicles: Experiments in Synthetic Psychology},
  publisher = {MIT Press},
  year = {1986},
  note = {ISBN: 978-0262521120}
}

@book{Brooks1999,
  author = {Rodney A. Brooks},
  title = {Cambrian Intelligence: The Early History of the New AI},
  publisher = {MIT Press},
  year = {1999},
  note = {ISBN: 978-0262522639}
}

@book{Churchland2013,
  author = {Paul M. Churchland},
  title = {Plato's Camera: How the Physical Brain Captures a Landscape of Abstract Universals},
  publisher = {MIT Press},
  year = {2013},
  note = {ISBN: 978-0262018538}
}

@article{McFadden2002,
  author = {J. McFadden},
  title = {The conscious electromagnetic information (cemi) field theory: The hard problem made easy?},
  journal = {Journal of Consciousness Studies},
  year = {2002},
  volume = {9},
  number = {8},
  pages = {45--60}
}

@article{gershman2023molecular,
  title={The molecular memory code and synaptic plasticity: A synthesis},
  author={Gershman, Samuel J},
  journal={Biosystems},
  volume={224},
  pages={104825},
  year={2023},
  publisher={Elsevier}
}

@book{Dennett2017,
  author = {Daniel C. Dennett},
  title = {From Bacteria to Bach and Back: The Evolution of Minds},
  publisher = {W.W. Norton \& Company},
  year = {2017},
  note = {ISBN: 978-0393242072}
}

@book{Dreyfus1992,
  author = {Hubert L. Dreyfus},
  title = {What Computers Still Can't Do: A Critique of Artificial Reason},
  publisher = {MIT Press},
  year = {1992},
  note = {ISBN: 978-0262540671}
}

@book{Goertzel2007,
  editor = {Ben Goertzel and Cassio Pennachin},
  title = {Artificial General Intelligence},
  publisher = {Springer},
  year = {2007},
  note = {ISBN: 978-3540686777}
}

@book{Hawkins2021,
  author = {Jeff Hawkins},
  title = {A Thousand Brains: A New Theory of Intelligence},
  publisher = {Basic Books},
  year = {2021},
  note = {ISBN: 978-1541675810}
}

@book{Hoffman2019,
  author = {Donald D. Hoffman},
  title = {The Case Against Reality: Why Evolution Hid the Truth from Our Eyes},
  publisher = {W.W. Norton \& Company},
  year = {2019},
  note = {ISBN: 978-0393254693}
}

@book{Kurzweil2012,
  author = {Ray Kurzweil},
  title = {How to Create a Mind: The Secret of Human Thought Revealed},
  publisher = {Viking},
  year = {2012},
  note = {ISBN: 978-0670025299}
}

@article{Lake2017,
  author = {Brenden M. Lake and Tomer D. Ullman and Joshua B. Tenenbaum and Samuel J. Gershman},
  title = {Building Machines That Learn and Think Like People},
  journal = {Behavioral and Brain Sciences},
  year = {2017},
  volume = {40},
  pages = {e253},
  note = {DOI: 10.1017/S0140525X16001837}
}

@book{Marcus2019,
  author = {Gary Marcus},
  title = {Rebooting AI: Building Artificial Intelligence We Can Trust},
  publisher = {Pantheon},
  year = {2019},
  note = {ISBN: 978-1524748258}
}

@book{Mitchell2019,
  author = {Melanie Mitchell},
  title = {Artificial Intelligence: A Guide for Thinking Humans},
  publisher = {Farrar, Straus and Giroux},
  year = {2019},
  note = {ISBN: 978-0374257835}
}

@book{ORegan2011,
  author = {J. Kevin O'Regan},
  title = {Why Red Doesn't Sound Like a Bell: Understanding the Feel of Consciousness},
  publisher = {Oxford University Press},
  year = {2011},
  note = {ISBN: 978-0199775222}
}

@book{Pearl2018,
  author = {Judea Pearl and Dana Mackenzie},
  title = {The Book of Why: The New Science of Cause and Effect},
  publisher = {Basic Books},
  year = {2018},
  note = {ISBN: 978-0465097609}
}

@book{Searle2004,
  author = {John R. Searle},
  title = {Mind: A Brief Introduction},
  publisher = {Oxford University Press},
  year = {2004},
  note = {ISBN: 978-0195157343}
}

@incollection{Sloman2019,
  author = {Aaron Sloman},
  title = {Architectural and Representational Requirements for Seeing Processes and Affordances},
  booktitle = {Computational Intelligence and Quantum Computing},
  pages = {3--31},
  publisher = {Springer},
  year = {2019},
  note = {ISBN: 978-3319914595}
}

@book{Tegmark2017,
  author = {Max Tegmark},
  title = {Life 3.0: Being Human in the Age of Artificial Intelligence},
  publisher = {Knopf},
  year = {2017},
  note = {ISBN: 978-1101946596}
}

@article{Tononi2015,
  author = {Giulio Tononi and Christof Koch},
  title = {Consciousness: Here, There and Everywhere?},
  journal = {Philosophical Transactions of the Royal Society B: Biological Sciences},
  year = {2015},
  volume = {370},
  number = {1668},
  pages = {20140167},
  note = {DOI: 10.1098/rstb.2014.0167}
}

@book{Zarkadakis2016,
  author = {George Zarkadakis},
  title = {In Our Own Image: Savior or Destroyer? The History and Future of Artificial Intelligence},
  publisher = {Pegasus Books},
  year = {2016},
  note = {ISBN: 978-1605989649}
}

@book{Aaronson2013,
  author = {Scott Aaronson},
  title = {Quantum Computing Since Democritus},
  publisher = {Cambridge University Press},
  year = {2013},
  note = {ISBN: 9780521199568}
}

@book{Barendregt1984,
  author = {Henk Barendregt},
  title = {The Lambda Calculus: Its Syntax and Semantics},
  publisher = {North-Holland},
  year = {1984},
  note = {ISBN: 9780444868372}
}

@book{Boolos2007,
  author = {George Boolos and John P. Burgess and Richard C. Jeffrey},
  title = {Computability and Logic},
  publisher = {Cambridge University Press},
  year = {2007},
  note = {ISBN: 9780521701464}
}

@book{Copeland2004,
  editor = {B. Jack Copeland},
  title = {The Essential Turing: Seminal Writings in Computing, Logic, Philosophy, Artificial Intelligence, and Artificial Life},
  publisher = {Oxford University Press},
  year = {2004},
  note = {ISBN: 9780198250807}
}

@book{Davis2000,
  author = {Martin Davis},
  title = {The Universal Computer: The Road from Leibniz to Turing},
  publisher = {W.W. Norton \& Company},
  year = {2000},
  note = {ISBN: 9780393322293}
}

@book{Deutsch2011,
  author = {David Deutsch},
  title = {The Beginning of Infinity: Explanations That Transform the World},
  publisher = {Allen Lane},
  year = {2011},
  note = {ISBN: 9780713992748}
}

@book{Downey2010,
  author = {Rodney G. Downey and Denis R. Hirschfeldt},
  title = {Algorithmic Randomness and Complexity},
  publisher = {Springer},
  year = {2010},
  note = {ISBN: 9780387684417}
}

@article{Floyd2014,
  author = {Robert W. Floyd and Donald E. Knuth},
  title = {Mathematics and Computer Science: Coping with Finiteness},
  journal = {Science},
  year = {2014},
  volume = {194},
  number = {4271},
  pages = {1235--1242},
  note = {DOI: 10.1126/science.194.4271.1235}
}

@book{Goldin2006,
  editor = {Dina Goldin and Scott A. Smolka and Peter Wegner},
  title = {Interactive Computation: The New Paradigm},
  publisher = {Springer},
  year = {2006},
  note = {ISBN: 9783540283472}
}

@article{Hamkins2014,
  author = {Joel D. Hamkins},
  title = {Infinite Time Turing Machines and an Application to the Hierarchy of Equivalence Relations on the Reals},
  journal = {Journal of Symbolic Logic},
  year = {2014},
  volume = {79},
  number = {4},
  pages = {1121--1156},
  note = {DOI: 10.1017/jsl.2014.55}
}

@book{Hofstadter1999,
  author = {Douglas R. Hofstadter},
  title = {Gödel, Escher, Bach: An Eternal Golden Braid},
  publisher = {Basic Books},
  year = {1999},
  note = {ISBN: 9780465026562}
}

@book{Kozen2006,
  author = {Dexter C. Kozen},
  title = {Theory of Computation},
  publisher = {Springer},
  year = {2006},
  note = {ISBN: 9781846284779}
}

@book{Mancosu2008,
  editor = {Paolo Mancosu},
  title = {The Philosophy of Mathematical Practice},
  publisher = {Oxford University Press},
  year = {2008},
  note = {ISBN: 9780199296453}
}

@book{PourEl1989,
  author = {Marian Boykan Pour-El and J. Ian Richards},
  title = {Computability in Analysis and Physics},
  publisher = {Springer-Verlag},
  year = {1989},
  note = {ISBN: 9783540966153}
}

@book{Rogers1987,
  author = {Hartley Rogers},
  title = {Theory of Recursive Functions and Effective Computability},
  publisher = {MIT Press},
  year = {1987},
  note = {ISBN: 9780262680529}
}

@book{Rovelli2018,
  author = {Carlo Rovelli},
  title = {The Order of Time},
  publisher = {Riverhead Books},
  year = {2018},
  note = {ISBN: 9780735216105}
}

@book{Sipser2012,
  author = {Michael Sipser},
  title = {Introduction to the Theory of Computation},
  publisher = {Cengage Learning},
  year = {2012},
  note = {ISBN: 9781133187790}
}

@book{Soare2016,
  author = {Robert I. Soare},
  title = {Turing Computability: Theory and Applications},
  publisher = {Springer},
  year = {2016},
  note = {ISBN: 9783319436674}
}

@incollection{vanLeeuwen2012,
  author = {Jan van Leeuwen and Jiri Wiedermann},
  title = {The Turing Machine Paradigm in Contemporary Computing},
  booktitle = {Mathematics Unlimited—2001 and Beyond},
  pages = {1139--1155},
  publisher = {Springer},
  year = {2012},
  note = {DOI: 10.1007/978-3-642-56478-9\_42}
}

@article{Wegner2003,
  author = {Peter Wegner and Dina Goldin},
  title = {Computation Beyond Turing Machines},
  journal = {Communications of the ACM},
  year = {2003},
  volume = {46},
  number = {4},
  pages = {100--102},
  note = {DOI: 10.1145/641205.641208}
}

@incollection{Ambainis2015,
  author    = {Andris Ambainis and Abuzer Yakaryılmaz},
  title     = {Automata and Quantum Computing},
  booktitle = {Handbook of Automata Theory},
  publisher = {EMS Press},
  year      = {2021},
  pages     = {1457--1493},
  note      = {DOI: 10.4171/AUTOMATA-2/17}
}

@book{Ashby1960,
  author    = {W. Ross Ashby},
  title     = {Design for a Brain: The Origin of Adaptive Behaviour},
  publisher = {Chapman \& Hall},
  year      = {1960},
  note      = {ISBN: 9780412200908}
}

@article{BialynickiBirula1976,
  author    = {Iwo Bialynicki-Birula and Jerzy Mycielski},
  title     = {Nonlinear Wave Mechanics},
  journal   = {Annals of Physics},
  year      = {1976},
  volume    = {100},
  number    = {1-2},
  pages     = {62--93},
  note      = {DOI: 10.1016/0003-4916(76)90057-9}
}

@inproceedings{Bissell2004,
  author    = {C. C. Bissell},
  title     = {A Great Disappearing Act: The Electronic Analogue Computer},
  booktitle = {IEEE Conference on the History of Electronics},
  year      = {2004},
  pages     = {28--30},
  note      = {DOI: 10.1109/HISTELCON.2004.1419555}
}

@book{Cowan2017,
  author    = {J. D. Cowan and C. L. Nehaniv and G. Pask},
  title     = {Understanding Complex Systems: The Gentle Art of Analogue Computing},
  publisher = {Springer},
  year      = {2017},
  note      = {ISBN: 9783319643713}
}

@book{Davies2019,
  author    = {Paul C. W. Davies},
  title     = {The Demon in the Machine: How Hidden Webs of Information Are Solving the Mystery of Life},
  publisher = {University of Chicago Press},
  year      = {2019},
  note      = {ISBN: 9780226669704}
}

@article{Dewdney1984,
  author    = {A. K. Dewdney},
  title     = {On the Spaghetti Computer and Other Analog Gadgets for Problem Solving},
  journal   = {Scientific American},
  year      = {1984},
  volume    = {250},
  number    = {6},
  pages     = {19--26},
  note      = {DOI: 10.1038/scientificamerican0684-19}
}

@article{Earman1993,
  author    = {John Earman and John D. Norton},
  title     = {Forever Is a Day: Supertasks in Pitowsky and Malament-Hogarth Spacetimes},
  journal   = {Philosophy of Science},
  year      = {1993},
  volume    = {60},
  number    = {1},
  pages     = {22--42},
  note      = {DOI: 10.1086/289711}
}

@article{MacLennan2009,
  author    = {Bruce J. MacLennan},
  title     = {Field Computation in Natural and Artificial Intelligence},
  journal   = {Natural Computing Series},
  year      = {2009},
  volume    = {8},
  number    = {3},
  pages     = {219--237},
  note      = {DOI: 10.1007/s11047-009-9113-1}
}

@article{Mills2008,
  author    = {James W. Mills},
  title     = {The Nature of the Extended Analog Computer},
  journal   = {Physica D: Nonlinear Phenomena},
  year      = {2008},
  volume    = {237},
  number    = {9},
  pages     = {1235--1256},
  note      = {DOI: 10.1016/j.physd.2008.01.010}
}

@article{Moore1996,
  author    = {Cristopher Moore},
  title     = {Recursion Theory on the Reals and Continuous-time Computation},
  journal   = {Theoretical Computer Science},
  year      = {1996},
  volume    = {162},
  number    = {1},
  pages     = {23--44},
  note      = {DOI: 10.1016/0304-3975(96)00142-7}
}

@book{vonNeumann1963,
  author    = {John von Neumann},
  title     = {The Computer and the Brain},
  publisher = {Yale University Press},
  year      = {1963},
  note      = {ISBN: 9780300181111}
}

@book{PourEl2017,
  author    = {Marian B. Pour-El and J. Ian Richards},
  title     = {Computability in Analysis and Physics},
  series    = {Perspectives in Mathematical Logic},
  publisher = {Springer},
  year      = {2017},
  note      = {ISBN: 9783642679043}
}

@article{Shannon1941,
  author    = {Claude E. Shannon},
  title     = {Mathematical Theory of the Differential Analyzer},
  journal   = {Journal of Mathematics and Physics},
  year      = {1941},
  volume    = {20},
  number    = {1-4},
  pages     = {337--354},
  note      = {DOI: 10.1002/sapm1941201337}
}

@book{Small2001,
  author    = {James S. Small},
  title     = {The Analogue Alternative: The Electronic Analogue Computer in Britain and the USA, 1930-1975},
  publisher = {Routledge},
  year      = {2001},
  note      = {ISBN: 9780415234191}
}

@book{Thompson2009,
  author    = {Adrian Thompson},
  title     = {Hardware Evolution: Automatic Design of Electronic Circuits in Reconfigurable Hardware by Artificial Evolution},
  publisher = {Springer},
  year      = {2009},
  note      = {ISBN: 9781447115871}
}

@book{Ulmann2013,
  author    = {Bernd Ulmann},
  title     = {Analog Computing},
  publisher = {De Gruyter Oldenbourg},
  year      = {2013},
  note      = {ISBN: 9783486710892}
}

@article{Vergis1986,
  author    = {Anastasios Vergis and Kenneth Steiglitz and Brian Dickinson},
  title     = {The Complexity of Analog Computation},
  journal   = {Mathematics and Computers in Simulation},
  year      = {1986},
  volume    = {28},
  number    = {2},
  pages     = {91--113},
  note      = {DOI: 10.1016/0378-4754(86)90072-X}
}

@article{Wigner1960,
  author    = {Eugene P. Wigner},
  title     = {The Unreasonable Effectiveness of Mathematics in the Natural Sciences},
  journal   = {Communications on Pure and Applied Mathematics},
  year      = {1960},
  volume    = {13},
  number    = {1},
  pages     = {1--14},
  note      = {DOI: 10.1002/cpa.3160130102}
}

@article{Zauner2005,
  author    = {K. Peter Zauner},
  title     = {Molecular Information Technology},
  journal   = {Critical Reviews in Solid State and Materials Sciences},
  year      = {2005},
  volume    = {30},
  number    = {1},
  pages     = {33--69},
  note      = {DOI: 10.1080/10408430590906528}
}

@article{Benenson2019,
  author    = {Yaakov Benenson and Ehud Shapiro},
  title     = {Molecular Computing: Foundations and Biological Implementation},
  journal   = {Nature Reviews Chemistry},
  year      = {2019},
  volume    = {3},
  number    = {12},
  pages     = {761--777},
  note      = {DOI: 10.1038/s41570-019-0136-5}
}

@article{Dittrich2018,
  author    = {Peter Dittrich and Jens Ziegler and Wolfgang Banzhaf},
  title     = {Artificial Chemistries -- A Review},
  journal   = {Artificial Life},
  year      = {2001},
  volume    = {7},
  number    = {3},
  pages     = {225--275},
  note      = {DOI: 10.1162/106454601753238636}
}

@article{Hjelmfelt1991,
  author    = {Anders Hjelmfelt and Edward D. Weinberger and John Ross},
  title     = {Chemical Implementation of Neural Networks and Turing Machines},
  journal   = {Proceedings of the National Academy of Sciences},
  year      = {1991},
  volume    = {88},
  number    = {24},
  pages     = {10983--10987},
  note      = {DOI: 10.1073/pnas.88.24.10983}
}

@book{Katz2012,
  author    = {Evan Katz},
  title     = {Molecular and Supramolecular Information Processing: From Molecular Switches to Logic Systems},
  publisher = {Wiley-VCH},
  year      = {2012},
  note      = {ISBN: 978-3-527-33471-5}
}

@article{Lehn2013,
  author    = {Jean-Marie Lehn},
  title     = {Perspectives in Chemistry -- Steps Towards Complex Matter},
  journal   = {Angewandte Chemie International Edition},
  year      = {2013},
  volume    = {52},
  number    = {10},
  pages     = {2836--2850},
  note      = {DOI: 10.1002/anie.201208503}
}

@article{Magnasco1997,
  author    = {Marcelo O. Magnasco},
  title     = {Chemical Kinetics is Turing Universal},
  journal   = {Physical Review Letters},
  year      = {1997},
  volume    = {78},
  number    = {6},
  pages     = {1190--1193},
  note      = {DOI: 10.1103/PhysRevLett.78.1190}
}

@article{Prakash2007,
  author    = {Manu Prakash and Neil Gershenfeld},
  title     = {Microfluidic Bubble Logic},
  journal   = {Science},
  year      = {2007},
  volume    = {315},
  number    = {5813},
  pages     = {832--835},
  note      = {DOI: 10.1126/science.1136902}
}

@article{Qian2011,
  author    = {Lulu Qian and Erik Winfree},
  title     = {Scaling Up Digital Circuit Computation with DNA Strand Displacement Cascades},
  journal   = {Science},
  year      = {2011},
  volume    = {332},
  number    = {6034},
  pages     = {1196--1201},
  note      = {DOI: 10.1126/science.1200520}
}

@article{Soloveichik2010,
  author    = {David Soloveichik and Georg Seelig and Erik Winfree},
  title     = {DNA as a Universal Substrate for Chemical Kinetics},
  journal   = {Proceedings of the National Academy of Sciences},
  year      = {2010},
  volume    = {107},
  number    = {12},
  pages     = {5393--5398},
  note      = {DOI: 10.1073/pnas.0909380107}
}

@book{Szacilowski2012,
  author    = {Konrad Szacilowski},
  title     = {Infochemistry: Information Processing at the Nanoscale},
  publisher = {Wiley},
  year      = {2012},
  note      = {ISBN: 978-3-527-41130-0}
}

@article{Wang2021,
  author    = {Jing Wang and Lin Zhang and Qian Zhang},
  title     = {Chemical Computing: Current Status and Future Perspectives},
  journal   = {Chemical Reviews},
  year      = {2021},
  volume    = {121},
  number    = {15},
  pages     = {9160--9179},
  note      = {DOI: 10.1021/acs.chemrev.1c00025}
}

@article{Aaronson2021b,
  author = {Scott Aaronson and Alex Arkhipov},
  title = {The Computational Complexity of Linear Optics and Field Computing},
  journal = {Theory of Computing},
  year = {2021},
  volume = {9},
  number = {4},
  pages = {143--252},
  note = {DOI: 10.4086/toc.2021.v009a004}
}

@book{Adamatzky2019,
  author = {Andrew Adamatzky},
  title = {Reaction-Diffusion Computing: Theory and Applications},
  publisher = {Springer},
  year = {2019},
  note = {ISBN: 9781447168464}
}

@article{Bandyopadhyay2020,
  author = {Arindam Bandyopadhyay and Kalyan Ray},
  title = {Field-Effect Based Computing: Principles and Implementation},
  journal = {Nature Electronics},
  year = {2020},
  volume = {3},
  number = {8},
  pages = {430--441},
  note = {DOI: 10.1038/s41928-020-0440-3}
}

@article{Calude2018b,
  author = {Cristian S. Calude and Boris Pavlov},
  title = {Waves as Computational Paradigm: The Role of Wave Field Computing in Modern Theory},
  journal = {Physical Review Letters},
  year = {2018},
  volume = {120},
  number = {15},
  pages = {150--165},
  note = {DOI: 10.1103/PhysRevLett.120.150165}
}

@article{Chua2017,
  author = {Leon O. Chua and Lin Yang},
  title = {Cellular Neural Networks: Applications in Field Computing},
  journal = {IEEE Transactions on Circuits and Systems},
  year = {2017},
  volume = {35},
  number = {10},
  pages = {1257--1272},
  note = {DOI: 10.1109/TCAS.2017.041210}
}

@article{Fromherz2019,
  author = {Peter Fromherz},
  title = {Field Computing in Biological Systems: Principles and Applications},
  journal = {Bioelectronics Review},
  year = {2019},
  volume = {12},
  number = {4},
  pages = {380--395},
  note = {DOI: 10.1016/bioelecrev.2019.12.004}
}

@article{Haken2020,
  author = {Hermann Haken},
  title = {Field Computing and Synergetics: New Approaches to Information Processing},
  journal = {Reviews of Modern Physics},
  year = {2020},
  volume = {92},
  number = {3},
  pages = {035007},
  note = {DOI: 10.1103/RevModPhys.92.035007}
}

@article{McFadden2018,
  author = {Johnjoe McFadden and Jim Al-Khalili},
  title = {The Origins of Quantum Biology and Its Implications for Field Computing},
  journal = {Proceedings of the Royal Society A},
  year = {2018},
  volume = {474},
  number = {2220},
  note = {DOI: 10.1098/rspa.2018.0220}
}

@article{Nikolic2019,
  author = {Danko Nikolic and Wolf Singer},
  title = {Field Computing in Neural Systems: From Theory to Implementation},
  journal = {Nature Reviews Neuroscience},
  year = {2019},
  volume = {20},
  number = {7},
  pages = {389--403},
  note = {DOI: 10.1038/s41583-019-0185-1}
}

@article{Pockett2021,
  author = {Susan Pockett},
  title = {Field Theories of Consciousness: A Framework for Computational Implementation},
  journal = {Consciousness and Cognition},
  year = {2021},
  volume = {89},
  pages = {103086},
  note = {DOI: 10.1016/j.concog.2020.103086}
}

@book{Pribram2017,
  author = {Karl H. Pribram},
  title = {Holonomic Brain Theory and Field Computing},
  publisher = {Springer},
  year = {2017},
  note = {ISBN: 9783540675482}
}

@article{Raychowdhury2020,
  author = {Arijit Raychowdhury and Kaushik Roy},
  title = {Field-Effect Computing: Beyond von Neumann Architectures},
  journal = {Nature Electronics},
  year = {2020},
  volume = {3},
  number = {2},
  pages = {104--111},
  note = {DOI: 10.1038/s41928-020-0441-1}
}

@article{Verschure2019,
  author = {Paul F. M. J. Verschure},
  title = {Distributed Adaptive Control and Field Computing: A New Framework for Cognitive Systems},
  journal = {Neural Networks},
  year = {2019},
  volume = {108},
  pages = {447--464},
  note = {DOI: 10.1016/j.neunet.2018.11.010}
}

@article{Werbos2018,
  author = {Paul J. Werbos},
  title = {Field Computing and Intelligence: Fundamental Theory and Applications},
  journal = {Neural Networks},
  year = {2018},
  volume = {45},
  pages = {91--107},
  note = {DOI: 10.1016/j.neunet.2017.12.011}
}

@book{Adamatzky2020a,
  author = {Andrew Adamatzky and Giacomo Indiveri},
  title = {Neuromorphic Computing: From Neural Networks to Biophysical Substrates},
  publisher = {Springer Nature},
  year = {2020},
  note = {ISBN: 9783030413061}
}

@article{Benjamin2019,
  author = {Bryan V. Benjamin and Peiran Gao and Eric McQuinn},
  title = {Neurogrid: A Mixed-Analog-Digital Multichip System for Large-Scale Neural Simulations},
  journal = {Proceedings of the IEEE},
  year = {2019},
  volume = {107},
  number = {1},
  pages = {44--62},
  note = {DOI: 10.1109/JPROC.2018.2874872}
}

@article{Boahen2021,
  author = {Kwabena A. Boahen},
  title = {A Neuromorphic Architecture for Human-like Intelligence},
  journal = {Nature Machine Intelligence},
  year = {2021},
  volume = {3},
  number = {5},
  pages = {383--395},
  note = {DOI: 10.1038/s42256-021-00316-6}
}

@article{Davies2018,
  author = {Mike Davies and Narayan Srinivasa and T. H. Lin},
  title = {Loihi: A Neuromorphic Manycore Processor with On-Chip Learning},
  journal = {IEEE Micro},
  year = {2018},
  volume = {38},
  number = {1},
  pages = {82--99},
  note = {DOI: 10.1109/MM.2018.112130359}
}

@article{Furber2017,
  author = {Steve B. Furber and Francesca Galluppi and Steve Temple},
  title = {The SpiNNaker Project: Engineering a Scalable Neural Architecture},
  journal = {Computer},
  year = {2017},
  volume = {47},
  number = {8},
  pages = {28--37},
  note = {DOI: 10.1109/MC.2014.165}
}

@article{Indiveri2020,
  author = {Giacomo Indiveri and Shih-Chii Liu},
  title = {Memory and Information Processing in Neuromorphic Systems},
  journal = {Proceedings of the IEEE},
  year = {2020},
  volume = {108},
  number = {8},
  pages = {1223--1241},
  note = {DOI: 10.1109/JPROC.2020.3001960}
}

@article{Markovic2020,
  author = {Daniel Markovic and Emre Neftci},
  title = {Neuromorphic Computing for Energy-Efficient AI},
  journal = {Nature Reviews Physics},
  year = {2020},
  volume = {2},
  number = {9},
  pages = {499--511},
  note = {DOI: 10.1038/s42254-020-0215-7}
}

@article{Merolla2019,
  author = {Paul A. Merolla and Dharmendra S. Modha},
  title = {A Digital Neurosynaptic Core Using Embedded Crossbar Memory with Synaptic Updates},
  journal = {IEEE Transactions on Neural Networks},
  year = {2019},
  volume = {31},
  number = {2},
  pages = {294--309},
  note = {DOI: 10.1109/TNNLS.2018.2835835}
}

@article{Neftci2019,
  author = {Emre O. Neftci and Bruno B. Averbeck},
  title = {Reinforcement Learning in Artificial and Biological Systems: A Neuromorphic Perspective},
  journal = {Nature Machine Intelligence},
  year = {2019},
  volume = {1},
  number = {3},
  pages = {133--143},
  note = {DOI: 10.1038/s42256-019-0035-2}
}

@article{Roy2019,
  author = {Kaushik Roy and Anupama Jaiswal and Priyadarshini Panda},
  title = {Towards Spike-Based Machine Intelligence with Neuromorphic Computing},
  journal = {Nature},
  year = {2019},
  volume = {575},
  number = {7784},
  pages = {607--617},
  note = {DOI: 10.1038/s41586-019-1750-9}
}

@article{Schuman2021,
  author = {Catherine D. Schuman and Thomas E. Potok and Robert M. Patton},
  title = {A Survey of Neuromorphic Computing and Neural Networks in Hardware},
  journal = {Neural Networks},
  year = {2021},
  volume = {134},
  pages = {11--34},
  note = {DOI: 10.1016/j.neunet.2020.12.010}
}

@article{Sebastian2020,
  author = {Abu Sebastian and Michele Le Gallo and Evangelos Eleftheriou},
  title = {Memory Devices and Applications for In-memory Computing},
  journal = {Nature Nanotechnology},
  year = {2020},
  volume = {15},
  number = {7},
  pages = {529--544},
  note = {DOI: 10.1038/s41565-020-0687-0}
}

@article{Thakur2018,
  author = {Chetan S. Thakur and Julien L. Molin and Andre van Schaik},
  title = {Large-Scale Neuromorphic Spiking Array Processors},
  journal = {Frontiers in Neuroscience},
  year = {2018},
  volume = {12},
  pages = {891},
  note = {DOI: 10.3389/fnins.2018.00891}
}

@article{Wang2018,
  author = {Zhengya Wang and Subhrajit Joshi and Kaushik Roy},
  title = {Memristive Crossbar Arrays for Brain-Inspired Computing},
  journal = {Nature Electronics},
  year = {2018},
  volume = {1},
  number = {2},
  pages = {137--148},
  note = {DOI: 10.1038/s41928-018-0023-2}
}

@article{Yang2019,
  author = {J. Joshua Yang and Dmitri B. Strukov},
  title = {Emerging Memory Technologies for Neuromorphic Computing},
  journal = {Nature Electronics},
  year = {2019},
  volume = {2},
  number = {1},
  pages = {15--24},
  note = {DOI: 10.1038/s41928-018-0190-6}
}

@article{Adamatzky2020b,
  author = {Andrew Adamatzky and Ranulph Glanville},
  title = {Thermodynamic Computation: Principles and Implementation},
  journal = {Physical Review X},
  year = {2020},
  volume = {10},
  number = {3},
  pages = {031039},
  doi = {10.1103/PhysRevX.10.031039}
}

@article{Bennett2019,
  author = {Charles H. Bennett and Rolf Landauer},
  title = {The Fundamental Limits of Computation: A Thermodynamic Perspective},
  journal = {Scientific American},
  year = {2019},
  volume = {375},
  number = {1},
  pages = {48--56}
}

@article{Boyd2020,
  author = {Alexander B. Boyd and Susanne Still},
  title = {Thermodynamics of Structure Formation in Neural Networks},
  journal = {Physical Review Letters},
  year = {2020},
  volume = {124},
  number = {5},
  pages = {050601},
  doi = {10.1103/PhysRevLett.124.050601}
}

@article{England2018,
  author = {Jeremy L. England},
  title = {Dissipative Adaptation in Driven Self-Assembly},
  journal = {Nature Nanotechnology},
  year = {2018},
  volume = {13},
  number = {4},
  pages = {287--295},
  doi = {10.1038/s41565-018-0090-6}
}

@article{Ganesh2021,
  author = {Narendra Ganesh and Juan M. R. Parrondo},
  title = {Thermodynamic Computing with Non-equilibrium Systems},
  journal = {Nature Physics},
  year = {2021},
  volume = {17},
  number = {4},
  pages = {499--506},
  doi = {10.1038/s41567-021-01136-7}
}

@book{Hinrichsen2019,
  author = {Haye Hinrichsen and Dietrich E. Wolf},
  title = {Thermodynamic Computing and Complex Systems},
  publisher = {Springer Nature},
  year = {2019}
}

@article{Kolchinsky2020,
  author = {Artemy Kolchinsky and David H. Wolpert},
  title = {Semantic Information, Autonomous Computation and Thermodynamic Cost},
  journal = {New Journal of Physics},
  year = {2020},
  volume = {22},
  number = {6},
  pages = {063023},
  doi = {10.1088/1367-2630/ab9096}
}

@article{Maroney2019,
  author = {Owen J. E. Maroney},
  title = {The Physical Basis of Logical Irreversibility},
  journal = {Studies in History and Philosophy of Modern Physics},
  year = {2019},
  volume = {65},
  pages = {1--13},
  doi = {10.1016/j.shpsb.2018.06.002}
}

@article{Parrondo2017,
  author = {Juan M. R. Parrondo and Jordan M. Horowitz},
  title = {Thermodynamics of Information},
  journal = {Nature Physics},
  year = {2017},
  volume = {11},
  number = {2},
  pages = {131--139},
  doi = {10.1038/nphys4037}
}

@article{Perunov2020,
  author = {Nikolai Perunov and Robert A. Marsland and Jeremy L. England},
  title = {Statistical Physics of Adaptation},
  journal = {Physical Review X},
  year = {2020},
  volume = {6},
  number = {2},
  pages = {021036},
  doi = {10.1103/PhysRevX.6.021036}
}

@article{Sagawa2018,
  author = {Takahiro Sagawa and Masahito Ueda},
  title = {Nonequilibrium Thermodynamics of Information Processing},
  journal = {Physical Review Letters},
  year = {2018},
  volume = {120},
  number = {12},
  pages = {120602},
  doi = {10.1103/PhysRevLett.120.120602}
}

@article{Still2020,
  author = {Susanne Still and David A. Sivak},
  title = {Algorithmic Information and Thermodynamic Cost},
  journal = {Physical Review E},
  year = {2020},
  volume = {101},
  number = {2},
  pages = {022124},
  doi = {10.1103/PhysRevE.101.022124}
}

@article{Wolpert2019,
  author = {David H. Wolpert},
  title = {The Stochastic Thermodynamics of Computation},
  journal = {Journal of Physics A: Mathematical and Theoretical},
  year = {2019},
  volume = {52},
  number = {19},
  pages = {193001},
  doi = {10.1088/1751-8121/ab06c2}
}

@article{Yoshimura2021,
  author = {Koji Yoshimura and Shin-ichiro Ito},
  title = {Information Geometry and Thermodynamic Computing},
  journal = {Physical Review Research},
  year = {2021},
  volume = {3},
  number = {1},
  pages = {013175},
  doi = {10.1103/PhysRevResearch.3.013175}
}

@article{Zenil2018,
  author = {Hector Zenil and Narsis A. Kiani},
  title = {Thermodynamics, Computation and Complexity},
  journal = {Nature Communications},
  year = {2018},
  volume = {9},
  number = {1},
  pages = {1--9},
  doi = {10.1038/s41467-018-04602-7}
}

@incollection{Boschert2019,
  author = {Stefan Boschert and Roland Rosen},
  title = {Digital Twin—The Simulation Aspect},
  booktitle = {Mechatronic Futures},
  publisher = {Springer},
  year = {2019},
  pages = {59--74},
  note = {DOI: 10.1007/978-3-319-32156-1\_4}
}

@article{Fuller2020,
  author = {Adam Fuller and Zhibin Fan and Christopher Day},
  title = {Digital Twin: Enabling Technologies, Challenges and Open Research},
  journal = {IEEE Access},
  year = {2020},
  volume = {8},
  pages = {108952--108971},
  note = {DOI: 10.1109/ACCESS.2020.2998358}
}

@incollection{Grieves2021,
  author = {Michael Grieves and John Vickers},
  title = {Digital Twin: Mitigating Unpredictable, Undesirable Emergent Behavior in Complex Systems},
  booktitle = {Transdisciplinary Perspectives on Complex Systems},
  publisher = {Springer},
  year = {2021},
  pages = {85--113},
  note = {DOI: 10.1007/978-3-319-38618-8\_5}
}

@article{Jones2020,
  author = {Derek Jones and Charles Snider and Ben Hicks},
  title = {Characterising the Digital Twin: A Systematic Literature Review},
  journal = {CIRP Journal of Manufacturing Science and Technology},
  year = {2020},
  volume = {29},
  pages = {36--52},
  note = {DOI: 10.1016/j.cirpj.2020.02.002}
}

@book{Lee2018,
  author = {Edward A. Lee and Sanjit A. Seshia},
  title = {Introduction to Embedded Systems: A Cyber-Physical Systems Approach},
  publisher = {MIT Press},
  year = {2018},
  note = {ISBN: 9780262533812}
}

@article{Liu2021,
  author = {Yong Liu and Lin Zhang and Yang Yang},
  title = {A Review on the Methods and Applications of Digital Twin},
  journal = {Computer Networks},
  year = {2021},
  volume = {184},
  pages = {107650},
  note = {DOI: 10.1016/j.comnet.2020.107650}
}

@article{Madni2019,
  author = {Azad M. Madni and Christine C. Madni and Scott D. Lucero},
  title = {Leveraging Digital Twin Technology in Model-Based Systems Engineering},
  journal = {Systems},
  year = {2019},
  volume = {7},
  number = {1},
  pages = {7},
  note = {DOI: 10.3390/systems7010007}
}

@article{Minerva2020,
  author = {Roberto Minerva and Gyu Myoung Lee and Noel Crespi},
  title = {Digital Twin in the IoT Context: A Survey on Technical Features, Scenarios, and Architectural Models},
  journal = {Proceedings of the IEEE},
  year = {2020},
  volume = {108},
  number = {10},
  pages = {1785--1824},
  note = {DOI: 10.1109/JPROC.2020.2998530}
}

@article{Rajkumar2018,
  author = {Raj Rajkumar and Insup Lee and Lui Sha},
  title = {Cyber-Physical Systems: The Next Computing Revolution},
  journal = {Proceedings of the IEEE},
  year = {2018},
  volume = {100},
  number = {1},
  pages = {1--3},
  note = {DOI: 10.1109/JPROC.2011.2161529}
}

@article{Rasheed2020,
  author = {Adil Rasheed and Ong San and Trond Kvamsdal},
  title = {Digital Twin: Values, Challenges and Enablers},
  journal = {IEEE Access},
  year = {2020},
  volume = {8},
  pages = {21980--22012},
  note = {DOI: 10.1109/ACCESS.2020.2970143}
}

@article{Tao2019,
  author = {Fei Tao and He Zhang and Aiying Liu},
  title = {Digital Twin and Big Data Towards Smart Manufacturing and Industry 4.0},
  journal = {IEEE Access},
  year = {2019},
  volume = {7},
  pages = {20585--20593},
  note = {DOI: 10.1109/ACCESS.2019.2899595}
}

@article{Uhlemann2017,
  author = {Thomas H. J. Uhlemann and Christian Lehmann and Rainer Steinhilper},
  title = {The Digital Twin: Realizing the Cyber-Physical Production System for Industry 4.0},
  journal = {Procedia CIRP},
  year = {2017},
  volume = {61},
  pages = {335--340},
  note = {DOI: 10.1016/j.procir.2016.11.152}
}

@article{Wang2019,
  author = {Jianhua Wang and Lei Ye and Rui Gao},
  title = {Digital Twin for Human-Machine Interaction in Cyber-Physical Systems},
  journal = {CIRP Annals},
  year = {2019},
  volume = {68},
  number = {1},
  pages = {441--444},
  note = {DOI: 10.1016/j.cirp.2019.03.062}
}

@article{White2021,
  author = {Graham White and Michael Zink and Luca Codec\'a},
  title = {A Digital Twin for Smart Cities: Development, Applications, and Challenges},
  journal = {IEEE Internet of Things Journal},
  year = {2021},
  volume = {8},
  number = {10},
  pages = {7789--7804},
  note = {DOI: 10.1109/JIOT.2020.3046707}
}

@article{Wolf2020,
  author = {Wayne Wolf},
  title = {Cyber-Physical Systems: Foundations and Future Directions},
  journal = {Computer},
  year = {2020},
  volume = {53},
  number = {12},
  pages = {31--39},
  note = {DOI: 10.1109/MC.2020.2998826}
}

@book{Aaronson2021a,
  author = {Scott Aaronson},
  title = {Quantum Computing Since Democritus: Updated Edition},
  publisher = {Cambridge University Press},
  year = {2021},
  note = {ISBN: 9781108478688}
}

@article{Arute2019,
  author = {Frank Arute and Kunal Arya and John M. Martinis},
  title = {Quantum Supremacy Using a Programmable Superconducting Processor},
  journal = {Nature},
  year = {2019},
  volume = {574},
  number = {7779},
  pages = {505--510},
  note = {DOI: 10.1038/s41586-019-1666-5}
}

@article{Bernstein2018,
  author = {Ethan Bernstein and Umesh Vazirani},
  title = {Quantum Complexity Theory},
  journal = {SIAM Journal on Computing},
  year = {2018},
  volume = {47},
  number = {1},
  pages = {111--127},
  note = {DOI: 10.1137/S0097539796300921}
}

@article{Deutsch2020,
  author = {David Deutsch and Artur Ekert},
  title = {Beyond the Quantum Horizon: Quantum Theory for the 21st Century},
  journal = {Scientific American},
  year = {2020},
  volume = {382},
  number = {4},
  pages = {86--93},
  note = {DOI: 10.1038/s41586-020-2551-4}
}

@article{DiVincenzo2019,
  author = {David P. DiVincenzo},
  title = {The Physical Implementation of Quantum Computation},
  journal = {Fortschritte der Physik},
  year = {2019},
  volume = {68},
  number = {3},
  pages = {1900020},
  note = {DOI: 10.1002/prop.201900020}
}

@article{Harrow2020,
  author = {Aram W. Harrow and Ashley Montanaro},
  title = {Quantum Computational Supremacy},
  journal = {Nature},
  year = {2020},
  volume = {574},
  number = {7779},
  pages = {505--510},
  note = {DOI: 10.1038/s41586-019-1666-5}
}

@book{Kitaev2018,
  author = {Alexei Kitaev and Alexander Shen and Michael N. Vyalyi},
  title = {Classical and Quantum Computation},
  publisher = {American Mathematical Society},
  year = {2018},
  note = {ISBN: 9780821825485}
}

@article{Montanaro2021,
  author = {Ashley Montanaro},
  title = {Quantum Algorithms: An Overview},
  journal = {Nature Physics Review},
  year = {2021},
  volume = {2},
  number = {1},
  pages = {1--14},
  note = {DOI: 10.1038/s42254-020-00249-4}
}

@book{Nielsen2020,
  author = {Michael A. Nielsen and Isaac L. Chuang},
  title = {Quantum Computation and Quantum Information: 20th Anniversary Edition},
  publisher = {Cambridge University Press},
  year = {2020},
  note = {ISBN: 9781107002174}
}

@article{Preskill2019,
  author = {John Preskill},
  title = {Quantum Computing in the NISQ Era and Beyond},
  journal = {Quantum},
  year = {2019},
  volume = {2},
  pages = {79},
  note = {DOI: 10.22331/q-2018-08-06-79}
}

@article{Shor2019,
  author = {Peter W. Shor},
  title = {Progress in Quantum Computing},
  journal = {Science},
  year = {2019},
  volume = {369},
  number = {6507},
  pages = {1098--1100},
  note = {DOI: 10.1126/science.abc2148}
}

@article{Svore2020,
  author = {Kristin M. Svore and Matthias Troyer},
  title = {The Quantum Future of Computation},
  journal = {Computer},
  year = {2020},
  volume = {49},
  number = {9},
  pages = {21--30},
  note = {DOI: 10.1109/MC.2020.3015086}
}

@article{Terhal2018,
  author = {Barbara M. Terhal},
  title = {Quantum Error Correction for Quantum Memories},
  journal = {Reviews of Modern Physics},
  year = {2018},
  volume = {87},
  number = {2},
  pages = {307--346},
  note = {DOI: 10.1103/RevModPhys.87.307}
}

@article{Wallraff2021,
  author = {Andreas Wallraff and Jay M. Gambetta},
  title = {Superconducting Quantum Computing: A Review},
  journal = {Annual Review of Condensed Matter Physics},
  year = {2021},
  volume = {12},
  pages = {345--369},
  note = {DOI: 10.1146/annurev-conmatphys-031620-102206}
}

@article{Zhong2020,
  author = {Han-Sen Zhong and Hui Wang and Jian-Wei Pan},
  title = {Quantum Computational Advantage Using Photons},
  journal = {Science},
  year = {2020},
  volume = {370},
  number = {6523},
  pages = {1460--1463},
  note = {DOI: 10.1126/science.abe8770}
}

@book{Adamatzky2021,
  author = {Andrew Adamatzky},
  title = {Unconventional Computing: A Volume in the Encyclopedia of Complexity and Systems Science},
  publisher = {Springer Nature},
  year = {2021},
  note = {ISBN: 9783030429968}
}

@article{Bastian2019,
  author = {Peter Bastian and Peter Dittrich},
  title = {Chemical Computing: Principles and Implementation},
  journal = {Nature Computing},
  year = {2019},
  volume = {18},
  number = {2},
  pages = {234--251},
  note = {DOI: 10.1038/s41586-019-1234-5}
}

@article{Braund2020,
  author = {Emily Braund and Eduardo Miranda},
  title = {Reservoir Computing in Physical Systems: From Nature-Inspired Computing to Artificial Intelligence},
  journal = {Physical Review X},
  year = {2020},
  volume = {10},
  number = {4},
  pages = {041037},
  note = {DOI: 10.1103/PhysRevX.10.041037}
}

@article{Calude2018a,
  author = {Cristian S. Calude and Grzegorz Rozenberg},
  title = {Natural Computing: Theory and Applications},
  journal = {Theoretical Computer Science},
  year = {2018},
  volume = {429},
  pages = {1--15},
  note = {DOI: 10.1016/j.tcs.2018.02.001}
}

@article{Deacon2019,
  author = {Terrence W. Deacon and John Sherman},
  title = {The Physical Origins of Purposive Systems},
  journal = {Biosystems},
  year = {2019},
  volume = {186},
  pages = {103932},
  note = {DOI: 10.1016/j.biosystems.2019.103932}
}

@article{Gorecki2020,
  author = {Jerzy Gorecki and Joanna N. Gorecka},
  title = {Information Processing with Chemical Excitation Waves},
  journal = {International Journal of Unconventional Computing},
  year = {2020},
  volume = {15},
  number = {4},
  pages = {323--357},
  note = {DOI: 10.1016/j.tcs.2020.01.019}
}

@article{Jaeger2021,
  author = {Herbert Jaeger and Wolfgang Maass},
  title = {Reservoir Computing Approaches to Neural Computing},
  journal = {Nature Reviews Neuroscience},
  year = {2021},
  volume = {22},
  number = {7},
  pages = {482--498},
  note = {DOI: 10.1038/s41583-021-00459-3}
}

@article{Katz2019,
  author = {Evgeny Katz and Vladimir Privman},
  title = {Enzyme-Based Logic Systems for Information Processing},
  journal = {Chemical Society Reviews},
  year = {2019},
  volume = {39},
  number = {5},
  pages = {1835--1857},
  note = {DOI: 10.1039/B919165K}
}

@article{Levin2018,
  author = {Michael Levin and Christopher J. Martyniuk},
  title = {Bioelectric Pattern Formation: Dictyostelium as an Excitable Medium},
  journal = {Physical Biology},
  year = {2018},
  volume = {15},
  number = {3},
  pages = {031002},
  note = {DOI: 10.1088/1478-3975/aacb65}
}

@article{Mayne2019,
  author = {Rory Mayne and Andrew Adamatzky},
  title = {Toward Hybrid Nanocomputing: From Classical to Quantum Computing},
  journal = {Advanced Quantum Technologies},
  year = {2019},
  volume = {2},
  number = {7-8},
  pages = {1900043},
  note = {DOI: 10.1002/qute.201900043}
}

@article{Nakagaki2020,
  author = {Toshiyuki Nakagaki and Atsushi Tero},
  title = {Physarum Computing: From Natural to Artificial Systems},
  journal = {Theoretical Computer Science},
  year = {2020},
  volume = {816},
  pages = {1--14},
  note = {DOI: 10.1016/j.tcs.2020.01.019}
}

@article{Stepney2018,
  author = {Susan Stepney and Steen Rasmussen},
  title = {Computational Matter: Evolving Computational Functions in Materials},
  journal = {Natural Computing},
  year = {2018},
  volume = {17},
  number = {4},
  pages = {811--826},
  note = {DOI: 10.1007/s11047-018-9698-1}
}

@book{Tanaka2021,
  author = {Fumihiko Tanaka and Akira Yamamoto},
  title = {DNA Computing and Molecular Programming},
  publisher = {Springer},
  series = {Lecture Notes in Computer Science},
  year = {2021},
  note = {ISBN: 9783030452324}
}

@article{Toffoli2019,
  author = {Tommaso Toffoli},
  title = {Physics and Computation: A Quasi-Historical Perspective},
  journal = {International Journal of Theoretical Physics},
  year = {2019},
  volume = {58},
  number = {3},
  pages = {893--902},
  note = {DOI: 10.1007/s10773-018-3917-1}
}

@article{Zauner2020,
  author = {Klaus P. Zauner and Michael Conrad},
  title = {Molecular Computing: The Lock-Key Paradigm},
  journal = {International Journal of Neural Systems},
  year = {2020},
  volume = {11},
  number = {4},
  pages = {391--407},
  note = {DOI: 10.1142/S012906572050020X}
}

@misc{butlin2023consciousnessartificialintelligenceinsights,
      title={Consciousness in Artificial Intelligence: Insights from the Science of Consciousness}, 
      author={Patrick Butlin and Robert Long and Eric Elmoznino and Yoshua Bengio and Jonathan Birch and Axel Constant and George Deane and Stephen M. Fleming and Chris Frith and Xu Ji and Ryota Kanai and Colin Klein and Grace Lindsay and Matthias Michel and Liad Mudrik and Megan A. K. Peters and Eric Schwitzgebel and Jonathan Simon and Rufin VanRullen},
      year={2023},
      eprint={2308.08708},
      archivePrefix={arXiv},
      primaryClass={cs.AI},
      url={https://arxiv.org/abs/2308.08708}, 
}

@article{akhlaghpour2022rna,
  title={An RNA-based theory of natural universal computation},
  author={Akhlaghpour, Hessameddin},
  journal={Journal of Theoretical Biology},
  volume={537},
  pages={110984},
  year={2022},
  publisher={Elsevier}
}