@book{bateson2000steps,
  title={Steps to an ecology of mind: Collected essays in anthropology, psychiatry, evolution, and epistemology},
  author={Bateson, Gregory},
  year={2000},
  publisher={University of Chicago Press},
  note={ISBN: 978-0-226-03905-3}
}

@article{block1995confusion,
  title={On a confusion about a function of consciousness},
  author={Block, Ned},
  journal={Behavioral and Brain Sciences},
  volume={18},
  number={2},
  pages={227--247},
  year={1995},
  publisher={Cambridge University Press},
  note={DOI: 10.1017/S0140525X00038188}
}

@book{chalmers1997conscious,
  title={The conscious mind: In search of a fundamental theory},
  author={Chalmers, David J},
  year={1997},
  publisher={Oxford Paperbacks},
  note={ISBN: 978-0-19-511789-9}
}

@book{dennett1993consciousness,
  title={Consciousness explained},
  author={Dennett, Daniel C},
  year={1993},
  publisher={Penguin UK},
  note={ISBN: 978-0-14-012867-3}
}

@article{friston2010free,
  title={The free-energy principle: A unified brain theory?},
  author={Friston, Karl},
  journal={Nature Reviews Neuroscience},
  volume={11},
  number={2},
  pages={127--138},
  year={2010},
  publisher={Nature Publishing Group},
  note={DOI: 10.1038/nrn2787}
}

@book{hofstadter1999godel,
  title={G{\"o}del, Escher, Bach: an eternal golden braid},
  author={Hofstadter, Douglas R},
  year={1999},
  publisher={Basic Books},
  note={ISBN: 978-0-465-02656-2}
}

@article{levin2019computational,
  title={The computational boundary of a “self”: developmental bioelectricity drives multicellularity and scale-free cognition},
  author={Levin, Michael},
  journal={Frontiers in Psychology},
  volume={10},
  pages={2688},
  year={2019},
  publisher={Frontiers Media SA},
  note={DOI: 10.3389/fpsyg.2019.02688}
}

@article{margulis2001conscious,
  title={The conscious cell},
  author={Margulis, Lynn},
  journal={Annals of the New York Academy of Sciences},
  volume={929},
  number={1},
  pages={55--70},
  year={2001},
  publisher={Wiley Online Library},
  note={DOI: 10.1111/j.1749-6632.2001.tb05709.x}
}

@book{maturana1991autopoiesis,
  title={Autopoiesis and cognition: The realization of the living},
  author={Maturana, Humberto R and Varela, Francisco J},
  volume={42},
  year={1991},
  publisher={Springer Science \& Business Media},
  note={ISBN: 978-90-277-1016-1}
}

@incollection{nagel1980like,
  title={What is it like to be a bat?},
  author={Nagel, Thomas},
  booktitle={The language and thought series},
  pages={159--168},
  year={1980},
  publisher={Harvard University Press}
}

@book{prigogine2018order,
  title={Order out of chaos: Man's new dialogue with nature},
  author={Prigogine, Ilya and Stengers, Isabelle},
  year={2018},
  publisher={Verso Books},
  note={ISBN: 978-1-78663-100-5}
}

@book{seth2021being,
  title={Being you: A new science of consciousness},
  author={Seth, Anil},
  year={2021},
  publisher={Penguin},
  note={ISBN: 978-1-5247-4287-4}
}

@misc{seth2024conscious,
  title={Conscious artificial intelligence and biological naturalism},
  author={Seth, Anil},
  year={2024},
  publisher={PyArXiv},
  note={Available at: https://osf.io/preprints/psyarxiv/tz6an}
}

@book{thompson2010mind,
  title={Mind in life: Biology, phenomenology, and the sciences of mind},
  author={Thompson, Evan},
  year={2010},
  publisher={Harvard University Press},
  note={ISBN: 978-0-674-05751-7}
}

@article{tononi2015consciousness,
  title={Consciousness: here, there and everywhere?},
  author={Tononi, Giulio and Koch, Christof},
  journal={Philosophical Transactions of the Royal Society B: Biological Sciences},
  volume={370},
  number={1668},
  pages={20140167},
  year={2015},
  publisher={The Royal Society},
  note={DOI: 10.1098/rstb.2014.0167}
}

@book{varela2017embodied,
  title={The embodied mind, revised edition: Cognitive science and human experience},
  author={Varela, Francisco J and Thompson, Evan and Rosch, Eleanor},
  year={2017},
  publisher={MIT Press},
  note={ISBN: 978-0-262-52936-5}
}