@article{baars2005global,
  title={Global workspace theory of consciousness: toward a cognitive neuroscience of human experience},
  author={Baars, Bernard J},
  journal={Progress in Brain Research},
  volume={150},
  pages={45--53},
  year={2005},
  publisher={Elsevier},
  note={DOI: 10.1016/S0079-6123(05)50004-9}
}

@incollection{chalmers2006strong,
  title={Strong and weak emergence},
  author={Chalmers, David J},
  booktitle={The re-emergence of emergence: The emergentist hypothesis from science to religion},
  editor={Clayton, Philip and Davies, Paul},
  pages={244--256},
  year={2006},
  publisher={Oxford University Press},
  note={ISBN: 978-0-19-954431-8}
}

@book{clark2010supersizing,
  title={Supersizing the mind: Embodiment, action, and cognitive extension},
  author={Clark, Andy},
  year={2010},
  publisher={Oxford University Press},
  note={ISBN: 978-0-19-533321-3}
}

@book{deacon2011incomplete,
  title={Incomplete nature: How mind emerged from matter},
  author={Deacon, Terrence W},
  year={2011},
  publisher={W.W. Norton \& Company},
  note={ISBN: 978-0-393-04991-6}
}

@article{edwards2005consciousness,
  title={Is consciousness only a property of individual cells?},
  author={Edwards, Jonathan C.W.},
  journal={Journal of Consciousness Studies},
  volume={12},
  number={4-5},
  pages={60--76},
  year={2005},
  publisher={Imprint Academic}
}

@book{godfrey2016other,
  title={Other minds: The octopus, the sea, and the deep origins of consciousness},
  author={Godfrey-Smith, Peter},
  year={2016},
  publisher={Farrar, Straus and Giroux},
  note={ISBN: 978-0-374-11521-1}
}

@article{lyon2015cognitive,
  title={The cognitive cell: bacterial behavior reconsidered},
  author={Lyon, Pamela},
  journal={Frontiers in Microbiology},
  volume={6},
  pages={264},
  year={2015},
  publisher={Frontiers Media SA},
  note={DOI: 10.3389/fmicb.2015.00264}
}

@book{margulis2000life,
  title={What is life?},
  author={Margulis, Lynn and Sagan, Dorion},
  year={2000},
  publisher={University of California Press},
  note={ISBN: 978-0-520-22021-0}
}

@book{searle1992rediscovery,
  title={The rediscovery of the mind},
  author={Searle, John R},
  year={1992},
  publisher={MIT Press},
  note={ISBN: 978-0-262-19320-7}
}

@incollection{searle2017biological,
  title={Biological naturalism},
  author={Searle, John},
  booktitle={The Blackwell Companion to Consciousness},
  editor={Schneider, Susan and Velmans, Max},
  pages={327--336},
  year={2017},
  publisher={Wiley Online Library},
  note={DOI: 10.1002/9781119132363.ch25}
}

@article{shapiro2007bacteria,
  title={Bacteria are small but not stupid: cognition, natural genetic engineering and socio-bacteriology},
  author={Shapiro, James A},
  journal={Studies in History and Philosophy of Science Part C: Studies in History and Philosophy of Biological and Biomedical Sciences},
  volume={38},
  number={4},
  pages={807--819},
  year={2007},
  publisher={Elsevier},
  note={DOI: 10.1016/j.shpsc.2007.09.010}
}

@book{thompson2010mind,
  title={Mind in life: Biology, phenomenology, and the sciences of mind},
  author={Thompson, Evan},
  year={2010},
  publisher={Harvard University Press},
  note={ISBN: 978-0-674-05751-7}
}

@article{van2006principles,
  title={Principles of minimal cognition: Casting cognition as sensorimotor coordination},
  author={Van Duijn, Marc and Keijzer, Fred and Franken, Daan},
  journal={Adaptive Behavior},
  volume={14},
  number={2},
  pages={157--170},
  year={2006},
  publisher={Sage Publications},
  note={DOI: 10.1177/105971230601400207}
}

@article{varela1997patterns,
  title={Patterns of life: Intertwining identity and cognition},
  author={Varela, Francisco J},
  journal={Brain and Cognition},
  volume={34},
  number={1},
  pages={72--87},
  year={1997},
  publisher={Academic Press},
  note={DOI: 10.1006/brcg.1997.0907}
}