@book{piccinini2020neurocognitive,
  title={Neurocognitive Mechanisms: Explaining Biological Cognition},
  author={Piccinini, Gualtiero},
  year={2020},
  publisher={Oxford University Press},
  note={ISBN: 978-0-19-886628-2}
}

@article{piccinini2013neural,
  title={Neural computation and the computational theory of cognition},
  author={Piccinini, Gualtiero and Bahar, Sonya},
  journal={Cognitive Science},
  volume={37},
  number={3},
  pages={453--488},
  year={2013},
  publisher={Wiley Online Library},
  note={DOI: 10.1111/cogs.12012}
}

@article{bishop2009computers,
  title={Why computers can’t feel pain},
  author={Bishop, Mark},
  journal={Minds and Machines},
  volume={19},
  pages={507--516},
  year={2009},
  publisher={Springer},
  note={DOI: 10.1007/s11023-009-9160-5}
}

@book{dreyfus1992computers,
  title={What Computers Still Can’t Do: A Critique of Artificial Reason},
  author={Dreyfus, Hubert L},
  year={1992},
  publisher={MIT Press},
  note={ISBN: 978-0-262-54067-4}
}

@book{fodor2000mind,
  title={The Mind Doesn't Work That Way: The Scope and Limits of Computational Psychology},
  author={Fodor, Jerry A},
  year={2000},
  publisher={MIT Press},
  note={ISBN: 978-0-262-56146-4}
}

@book{gibson2014ecological,
  title={The Ecological Approach to Visual Perception: Classic Edition},
  author={Gibson, James J},
  year={2014},
  publisher={Psychology Press},
  note={ISBN: 978-1-84872-578-2}
}

@article{harnad1990symbol,
  title={The Symbol Grounding Problem},
  author={Harnad, Stevan},
  journal={Physica D: Nonlinear Phenomena},
  volume={42},
  number={1-3},
  pages={335--346},
  year={1990},
  publisher={Elsevier},
  note={DOI: 10.1016/0167-2789(90)90087-6}
}

@book{horst2011symbols,
  title={Symbols, Computation, and Intentionality: A Critique of the Computational Theory of Mind},
  author={Horst, Steven},
  year={2011},
  publisher={Steven Horst},
  note={ISBN: 978-0-262-08282-2}
}

@book{jonas2001phenomenon,
  title={The Phenomenon of Life: Toward a Philosophical Biology},
  author={Jonas, Hans},
  year={2001},
  publisher={Northwestern University Press},
  note={ISBN: 978-0-8101-1803-1}
}

@book{noe2009out,
  title={Out of Our Heads: Why You Are Not Your Brain, and Other Lessons from the Biology of Consciousness},
  author={No{\"e}, Alva},
  year={2009},
  publisher={Macmillan},
  note={ISBN: 978-0-8090-6447-0}
}

@book{penrose1994shadows,
  title={Shadows of the Mind: A Search for the Missing Science of Consciousness},
  author={Penrose, Roger},
  year={1994},
  publisher={Oxford University Press},
  note={ISBN: 978-0-19-853978-0}
}

@book{putnam1988representation,
  title={Representation and Reality},
  author={Putnam, Hilary},
  year={1988},
  publisher={MIT Press},
  note={ISBN: 978-0-262-66074-7}
}

@book{rosen1991life,
  title={Life Itself: A Comprehensive Inquiry into the Nature, Origin, and Fabrication of Life},
  author={Rosen, Robert},
  year={1991},
  publisher={Columbia University Press},
  note={ISBN: 978-0-231-07565-2}
}

@article{searle1980minds,
  title={Minds, Brains, and Programs},
  author={Searle, John},
  journal={Behavioral and Brain Sciences},
  volume={3},
  number={3},
  pages={417--424},
  year={1980},
  publisher={Cambridge University Press},
  note={DOI: 10.1017/S0140525X00005756}
}

@article{thompson2001radical,
  title={Radical embodiment: neural dynamics and consciousness},
  author={Thompson, Evan and Varela, Francisco J},
  journal={Trends in Cognitive Sciences},
  volume={5},
  number={10},
  pages={418--425},
  year={2001},
  publisher={Elsevier},
  note={DOI: 10.1016/S1364-6613(00)01750-2}
}

@article{van1995might,
  title={What might cognition be, if not computation?},
  author={Van Gelder, Tim},
  journal={The Journal of Philosophy},
  volume={92},
  number={7},
  pages={345--381},
  year={1995},
  publisher={JSTOR},
  note={DOI: 10.2307/2941061}
}

@book{wheeler2005reconstructing,
  title={Reconstructing the Cognitive World: The Next Step},
  author={Wheeler, Michael},
  year={2005},
  publisher={MIT Press},
  note={ISBN: 978-0-262-73155-3}
}