@article{chemero2013radical,
  title={Radical embodied cognitive science},
  author={Chemero, Anthony},
  journal={Review of General Psychology},
  volume={17},
  number={2},
  pages={145--150},
  year={2013},
  publisher={SAGE Publications},
  note={DOI: 10.1037/a0032923}
}

@article{difrisco2014hylomorphism,
  title={Hylomorphism and the metabolic closure conception of life},
  author={DiFrisco, James},
  journal={Acta Biotheoretica},
  volume={62},
  pages={499--525},
  year={2014},
  publisher={Springer},
  note={DOI: 10.1007/s10441-014-9233-9}
}

@book{dupre2012processes,
  title={Processes of Life: Essays in the Philosophy of Biology},
  author={Dupr{\'e}, John},
  year={2012},
  publisher={Oxford University Press},
  note={ISBN: 978-0-19-969198-2}
}

@book{ganeri2012self,
  title={The Self: Naturalism, Consciousness, and the First-Person Stance},
  author={Ganeri, Jonardon},
  year={2012},
  publisher={Oxford University Press},
  note={ISBN: 978-0-19-965236-5}
}

@book{gillett2016reduction,
  title={Reduction and Emergence in Science and Philosophy},
  author={Gillett, Carl},
  year={2016},
  publisher={Cambridge University Press},
  note={ISBN: 978-1-107-04190-0}
}

@book{hutto2012radicalizing,
  title={Radicalizing Enactivism: Basic Minds without Content},
  author={Hutto, Daniel D and Myin, Erik},
  year={2012},
  publisher={MIT Press},
  note={ISBN: 978-0-262-01751-0}
}

@book{mossio2015biological,
  title={Biological Autonomy: A Philosophical and Theoretical Enquiry},
  author={Mossio, Matteo and Moreno, Alvaro},
  year={2015},
  publisher={Springer},
  note={ISBN: 978-94-017-9836-5}
}

@book{nicholson2018everything,
  title={Everything Flows: Towards a Processual Philosophy of Biology},
  author={Nicholson, Daniel J and Dupr{\'e}, John},
  year={2018},
  publisher={Oxford University Press},
  note={ISBN: 978-0-19-877963-6}
}

@book{noe2012varieties,
  title={Varieties of Presence},
  author={No{\"e}, Alva},
  year={2012},
  publisher={Harvard University Press},
  note={ISBN: 978-0-674-06557-4}
}

@book{oyama2000ontogeny,
  title={The Ontogeny of Information: Developmental Systems and Evolution},
  author={Oyama, Susan},
  year={2000},
  publisher={Duke University Press},
  note={ISBN: 978-0-8223-2473-8}
}

@book{piccinini2015physical,
  title={Physical Computation: A Mechanistic Account},
  author={Piccinini, Gualtiero},
  year={2015},
  publisher={Oxford University Press},
  note={ISBN: 978-0-19-965885-5}
}

@book{polger2016multiple,
  title={The Multiple Realization Book},
  author={Polger, Thomas W and Shapiro, Lawrence A},
  year={2016},
  publisher={Oxford University Press},
  note={ISBN: 978-0-19-877989-6}
}

@article{thompson2011living,
  title={Living ways of sense making},
  author={Thompson, Evan},
  journal={Philosophy Today},
  volume={55},
  number={Supplement},
  pages={114--123},
  year={2011},
  note={DOI: 10.5840/philtoday201155Supplement8}
}

@article{van1998dynamical,
  title={The dynamical hypothesis in cognitive science},
  author={Van Gelder, Tim},
  journal={Behavioral and Brain Sciences},
  volume={21},
  number={5},
  pages={615--628},
  year={1998},
  publisher={Cambridge University Press},
  note={DOI: 10.1017/S0140525X98001733}
}

@article{wheeler2010defense,
  title={In defense of extended functionalism},
  author={Wheeler, Michael},
  journal={Metaphilosophy},
  volume={41},
  number={4},
  pages={506--534},
  year={2010},
  publisher={Wiley Online Library},
  note={DOI: 10.1111/j.1467-9973.2010.01652.x}
}

@article{foglia2013embodied,
  title={Embodied cognition},
  author={Foglia, Lucia and Wilson, Robert A},
  journal={Wiley Interdisciplinary Reviews: Cognitive Science},
  volume={4},
  number={3},
  pages={319--325},
  year={2013},
  publisher={Wiley Online Library},
  note={DOI: 10.1002/wcs.1226}
}

@book{marr1982vision,
  title={Vision: A Computational Investigation into the Human Representation and Processing of Visual Information},
  author={Marr, David},
  year={1982},
  publisher={MIT Press},
  address={Cambridge, MA},
  note={ISBN: 978-0-262-13287-9}
}

@article{turing1936computable,
  title={On computable numbers, with an application to the Entscheidungsproblem},
  author={Turing, Alan M.},
  journal={Proceedings of the London Mathematical Society},
  volume={s2-42},
  number={1},
  pages={230--265},
  year={1936},
  publisher={Oxford University Press},
  note={DOI: 10.1112/plms/s2-42.1.230}
}