@book{armstrong2002materialist,
  title={A Materialist Theory of the Mind},
  author={Armstrong, David Malet},
  year={2002},
  publisher={Routledge},
  note={ISBN: 978-0203003237, DOI: 10.4324/9780203003237}
}

@article{bechtel1999multiple,
  title={Multiple Realizability Revisited: Linking Cognitive and Neural States},
  author={Bechtel, William and Mundale, Jennifer},
  journal={Philosophy of Science},
  volume={66},
  number={2},
  pages={175--207},
  year={1999},
  publisher={University of Chicago Press},
  note={DOI: 10.1086/392683}
}

@article{block1972what,
  title={What Psychological States Are Not},
  author={Block, Ned and Fodor, Jerry A.},
  journal={The Philosophical Review},
  volume={81},
  number={2},
  pages={159--181},
  year={1972},
  publisher={Duke University Press},
  note={DOI: 10.2307/2184031}
}

@book{craver2007explaining,
  title={Explaining the Brain: Mechanisms and the Mosaic Unity of Neuroscience},
  author={Craver, Carl F.},
  year={2007},
  publisher={Oxford University Press},
  note={ISBN: 978-0199299317, URL: https://global.oup.com/academic/product/explaining-the-brain-9780199299317}
}

@book{feigl1967mental,
  title={The "Mental" and the "Physical": The Essay and a Postscript},
  author={Feigl, Herbert},
  year={1967},
  publisher={University of Minnesota Press},
  note={ISBN: 978-0816604410}
}

@article{kim1992multiple,
  title={Multiple Realization and the Metaphysics of Reduction},
  author={Kim, Jaegwon},
  journal={Philosophy and Phenomenological Research},
  volume={52},
  number={1},
  pages={1--26},
  year={1992},
  publisher={International Phenomenological Society},
  note={DOI: 10.2307/2107741}
}

@article{lewis1966argument,
  title={An Argument for the Identity Theory},
  author={Lewis, David K.},
  journal={The Journal of Philosophy},
  volume={63},
  number={1},
  pages={17--25},
  year={1966},
  publisher={Journal of Philosophy, Inc.},
  note={DOI: 10.2307/2024524}
}

@article{place1956is,
  title={Is Consciousness a Brain Process?},
  author={Place, U. T.},
  journal={British Journal of Psychology},
  volume={47},
  number={1},
  pages={44--50},
  year={1956},
  publisher={Wiley Online Library},
  note={DOI: 10.1111/j.2044-8295.1956.tb00560.x}
}

@article{polger2009evaluating,
  title={Identity Theories},
  author={Polger, Thomas W.},
  journal={Philosophy Compass},
  volume={4},
  number={5},
  pages={822--834},
  year={2009},
  publisher={Wiley Online Library},
  note={DOI: 10.1111/j.1747-9991.2009.00236.x}
}

@incollection{putnam1967psychological,
  title={Psychological Predicates},
  author={Putnam, Hilary},
  booktitle={Art, Mind, and Religion},
  editor={Capitan, W. H. and Merrill, D. D.},
  pages={37--48},
  year={1967},
  publisher={University of Pittsburgh Press},
  note={DOI: 10.1093/acprof:oso/9780198243861.003.0003}
}

@article{richardson2008multiple,
  title={Multiple Realization and Methodological Pluralism},
  author={Richardson, Robert C.},
  journal={Synthese},
  volume={167},
  number={3},
  pages={473--492},
  year={2008},
  publisher={Springer},
  note={DOI: 10.1007/s11229-008-9373-3}
}

@article{shapiro2000multiple,
  title={Multiple Realizations},
  author={Shapiro, Lawrence A.},
  journal={The Journal of Philosophy},
  volume={97},
  number={12},
  pages={635--654},
  year={2000},
  publisher={Journal of Philosophy, Inc.},
  note={DOI: 10.2307/2678446}
}

@article{smart1959sensations,
  title={Sensations and Brain Processes},
  author={Smart, J. J. C.},
  journal={The Philosophical Review},
  volume={68},
  number={2},
  pages={141--156},
  year={1959},
  publisher={Duke University Press},
  note={DOI: 10.2307/2182164}
}

@article{wilson2001two,
  title={Two Views of Realization},
  author={Wilson, Robert A.},
  journal={Philosophical Studies},
  volume={104},
  number={1},
  pages={1--31},
  year={2001},
  publisher={Springer},
  note={DOI: 10.1023/A:1010326400110}
}