@article{baars2002conscious,
  title={The conscious access hypothesis: origins and recent evidence},
  author={Baars, Bernard J.},
  journal={Trends in Cognitive Sciences},
  volume={6},
  number={1},
  pages={47--52},
  year={2002},
  publisher={Elsevier},
  note={DOI: 10.1016/S1364-6613(00)01819-2}
}

@book{bayne2010unity,
  title={The Unity of Consciousness},
  author={Bayne, Tim},
  year={2010},
  publisher={Oxford University Press},
  note={ISBN: 978-0-19-921538-6}
}

@incollection{bayne2003what,
  title={What is the Unity of Consciousness?},
  author={Bayne, Tim and Chalmers, David J.},
  booktitle={The Unity of Consciousness: Binding, Integration, and Dissociation},
  editor={Cleeremans, Axel},
  pages={23--58},
  year={2003},
  publisher={Oxford University Press}
}

@incollection{brook2017unity,
  title={The Unity of Consciousness},
  author={Brook, Andrew and Raymont, Paul},
  booktitle={The Stanford Encyclopedia of Philosophy},
  editor={Zalta, Edward N.},
  year={2017},
  publisher={Metaphysics Research Lab, Stanford University}
}

@article{carhart2014entropic,
  title={The entropic brain: a theory of conscious states informed by neuroimaging research with psychedelic drugs},
  author={Carhart-Harris, Robin L. and Leech, Robert and Hellyer, Peter J. and Shanahan, Murray and Feilding, Amanda and Tagliazucchi, Enzo and Nutt, David},
  journal={Frontiers in Human Neuroscience},
  volume={8},
  pages={20},
  year={2014},
  publisher={Frontiers},
  note={DOI: 10.3389/fnhum.2014.00020}
}

@book{dainton2006stream,
  title={Stream of Consciousness: Unity and Continuity in Conscious Experience},
  author={Dainton, Barry},
  year={2006},
  publisher={Routledge},
  note={ISBN: 978-0-415-31716-0}
}

@article{dehaene2011experimental,
  title={Experimental and theoretical approaches to conscious processing},
  author={Dehaene, Stanislas and Changeux, Jean-Pierre},
  journal={Neuron},
  volume={70},
  number={2},
  pages={200--227},
  year={2011},
  publisher={Elsevier},
  note={DOI: 10.1016/j.neuron.2011.03.018}
}

@article{hameroff2014consciousness,
  title={Consciousness in the universe: A review of the 'Orch OR' theory},
  author={Hameroff, Stuart and Penrose, Roger},
  journal={Physics of Life Reviews},
  volume={11},
  number={1},
  pages={39--78},
  year={2014},
  publisher={Elsevier},
  note={DOI: 10.1016/j.plrev.2013.08.002}
}

@book{james1890principles,
  title={The Principles of Psychology},
  author={James, William},
  year={1890},
  publisher={Henry Holt and Company},
  comment={Available at: https://archive.org/details/theprinciplesofpsychologyvoli}
}

@article{koch2017can,
  title={Can we quantify machine consciousness?},
  author={Koch, Christof and Tononi, Giulio},
  journal={IEEE Spectrum},
  volume={54},
  number={10},
  pages={64--69},
  year={2017},
  publisher={IEEE},
  note={DOI: 10.1109/MSPEC.2017.8048830}
}

@article{mashour2020conscious,
  title={Conscious processing and the global neuronal workspace hypothesis},
  author={Mashour, George A. and Roelfsema, Pieter and Changeux, Jean-Pierre and Dehaene, Stanislas},
  journal={Neuron},
  volume={105},
  number={5},
  pages={776--798},
  year={2020},
  publisher={Elsevier},
  note={DOI: 10.1016/j.neuron.2020.01.026}
}

@book{revonsuo2006inner,
  title={Inner Presence: Consciousness as a Biological Phenomenon},
  author={Revonsuo, Antti},
  year={2006},
  publisher={MIT Press},
  note={ISBN: 978-0-262-18234-8}
}

@book{tani2016exploring,
  title={Exploring Robotic Minds: Actions, Symbols, and Consciousness as Self-Organizing Dynamic Phenomena},
  author={Tani, Jun},
  year={2016},
  publisher={Oxford University Press},
  note={ISBN: 978-0-19-028106-9}
}

@article{tononi2016integrated,
  title={Integrated information theory: from consciousness to its physical substrate},
  author={Tononi, Giulio and Boly, Melanie and Massimini, Marcello and Koch, Christof},
  journal={Nature Reviews Neuroscience},
  volume={17},
  number={7},
  pages={450--461},
  year={2016},
  publisher={Nature Publishing Group},
  note={DOI: 10.1038/nrn.2016.44}
}

@article{varela1999present,
  title={Present-time consciousness},
  author={Varela, Francisco J.},
  journal={Journal of Consciousness Studies},
  volume={6},
  number={2-3},
  pages={111--140},
  year={1999},
  publisher={Imprint Academic}
}