@article{bennett2007mental,
  title={Mental Causation},
  author={Bennett, Karen},
  journal={Philosophy Compass},
  volume={2},
  number={2},
  pages={316--337},
  year={2007},
  publisher={Wiley Online Library},
  note={DOI: 10.1111/j.1747-9991.2007.00063.x}
}

@article{clark2013whatever,
  title={Whatever Next? Predictive Brains, Situated Agents, and the Future of Cognitive Science},
  author={Clark, Andy},
  journal={Behavioral and Brain Sciences},
  volume={36},
  number={3},
  pages={181--204},
  year={2013},
  publisher={Cambridge University Press},
  note={DOI: 10.1017/S0140525X12000477}
}

@book{dennett2017from,
  title={From Bacteria to Bach and Back: The Evolution of Minds},
  author={Dennett, Daniel C.},
  year={2017},
  publisher={W.W. Norton \& Company},
  note={ISBN: 978-0-393-24207-2}
}

@book{di2017sensorimotor,
  title={Sensorimotor Life: An Enactive Proposal},
  author={Di Paolo, Ezequiel and Buhrmann, Tom and Barandiaran, Xabier},
  year={2017},
  publisher={Oxford University Press},
  note={ISBN: 978-0-19-878683-2}
}

@book{gallagher2005how,
  title={How the Body Shapes the Mind},
  author={Gallagher, Shaun},
  year={2005},
  publisher={Oxford University Press},
  note={ISBN: 978-0-19-927194-8}
}

@incollection{haugeland1993mind,
  title={Mind Embodied and Embedded},
  author={Haugeland, John},
  booktitle={Mind and Cognition},
  editor={Houng, Yih-Hsien and Ho, J.},
  pages={233--267},
  year={1993},
  publisher={Academia Sinica}
}

@book{hurley1998consciousness,
  title={Consciousness in Action},
  author={Hurley, Susan},
  year={1998},
  publisher={Harvard University Press},
  note={ISBN: 978-0-674-15431-2}
}

@book{kirchhoff2019extended,
  title={Extended Consciousness and Predictive Processing: A Third Wave View},
  author={Kirchhoff, Michael D. and Kiverstein, Julian},
  year={2019},
  publisher={Routledge},
  note={ISBN: 978-1-138-48466-0}
}

@book{noe2004action,
  title={Action in Perception},
  author={Noë, Alva},
  year={2004},
  publisher={MIT Press},
  note={ISBN: 978-0-262-14089-8}
}

@article{oregan2001sensorimotor,
  title={A Sensorimotor Account of Vision and Visual Consciousness},
  author={O'Regan, J. Kevin and Noë, Alva},
  journal={Behavioral and Brain Sciences},
  volume={24},
  number={5},
  pages={939--973},
  year={2001},
  publisher={Cambridge University Press},
  note={DOI: 10.1017/S0140525X01000115}
}

@book{ryle1949concept,
  title={The Concept of Mind},
  author={Ryle, Gilbert},
  year={1949},
  publisher={Hutchinson},
  note={ISBN: 978-0-226-73295-3}
}

@book{thompson2007mind,
  title={Mind in Life: Biology, Phenomenology, and the Sciences of Mind},
  author={Thompson, Evan},
  year={2007},
  publisher={Harvard University Press},
  note={ISBN: 978-0-674-02586-5}
}

@article{van1995what,
  title={What Might Cognition Be, If Not Computation?},
  author={Van Gelder, Tim},
  journal={The Journal of Philosophy},
  volume={92},
  number={7},
  pages={345--381},
  year={1995},
  publisher={Journal of Philosophy, Inc.},
  note={DOI: 10.2307/2941061}
}

@book{varela1991embodied,
  title={The Embodied Mind: Cognitive Science and Human Experience},
  author={Varela, Francisco J. and Thompson, Evan and Rosch, Eleanor},
  year={1991},
  publisher={MIT Press},
  note={ISBN: 978-0-262-72021-3}
}

@book{wilson2004boundaries,
  title={Boundaries of the Mind: The Individual in the Fragile Sciences},
  author={Wilson, Robert A.},
  year={2004},
  publisher={Cambridge University Press},
  note={ISBN: 978-0-521-53390-2}
}