@book{bickhard1995foundational,
  title={Foundational Issues in Artificial Intelligence and Cognitive Science: Impasse and Solution},
  author={Bickhard, Mark H. and Terveen, Loren},
  year={1995},
  publisher={Elsevier},
  note={ISBN: 978-0-444-82048-8, DOI: 10.1016/B978-0-444-82048-8.50020-6}
}

@incollection{copeland2017church,
  title={The Church-Turing Thesis},
  author={Copeland, B. Jack},
  booktitle={The Stanford Encyclopedia of Philosophy},
  editor={Zalta, Edward N.},
  year={2017},
  publisher={Metaphysics Research Lab, Stanford University},
  note={URL: https://plato.stanford.edu/archives/win2017/entries/church-turing/}
}

@book{dreyfus1972what,
  title={What Computers Can't Do: A Critique of Artificial Reason},
  author={Dreyfus, Hubert L.},
  year={1972},
  publisher={Harper \& Row},
  note={ISBN: 978-0-06-011082-6}
}

@book{fodor2000mind,
  title={The Mind Doesn't Work That Way: The Scope and Limits of Computational Psychology},
  author={Fodor, Jerry A.},
  year={2000},
  publisher={MIT Press},
  note={ISBN: 978-0-262-56146-4}
}

@article{harnad1990symbol,
  title={The Symbol Grounding Problem},
  author={Harnad, Stevan},
  journal={Physica D: Nonlinear Phenomena},
  volume={42},
  number={1-3},
  pages={335--346},
  year={1990},
  publisher={Elsevier},
  note={DOI: 10.1016/0167-2789(90)90087-6}
}

@book{kripke1982wittgenstein,
  title={Wittgenstein on Rules and Private Language},
  author={Kripke, Saul A.},
  year={1982},
  publisher={Harvard University Press},
  note={ISBN: 978-0-674-95401-2}
}

@article{lucas1961minds,
  title={Minds, Machines and G{\"o}del},
  author={Lucas, John R.},
  journal={Philosophy},
  volume={36},
  number={137},
  pages={112--127},
  year={1961},
  publisher={Cambridge University Press},
  note={DOI: 10.1017/S0031819100057983}
}

@book{maturana1980autopoiesis,
  title={Autopoiesis and Cognition: The Realization of the Living},
  author={Maturana, Humberto R. and Varela, Francisco J.},
  year={1980},
  publisher={D. Reidel Publishing Company},
  note={ISBN: 978-90-277-1015-5}
}

@book{penrose1989emperor,
  title={The Emperor's New Mind: Concerning Computers, Minds, and the Laws of Physics},
  author={Penrose, Roger},
  year={1989},
  publisher={Oxford University Press},
  note={ISBN: 978-0-19-851973-7}
}

@book{piccinini2015physical,
  title={Physical Computation: A Mechanistic Account},
  author={Piccinini, Gualtiero},
  year={2015},
  publisher={Oxford University Press},
  note={ISBN: 978-0-19-965885-5}
}

@article{searle1980minds,
  title={Minds, Brains, and Programs},
  author={Searle, John R.},
  journal={Behavioral and Brain Sciences},
  volume={3},
  number={3},
  pages={417--424},
  year={1980},
  publisher={Cambridge University Press},
  note={DOI: 10.1017/S0140525X00005756}
}

@book{smith2019promise,
  title={The Promise of Artificial Intelligence: Reckoning and Judgment},
  author={Smith, Brian Cantwell},
  year={2019},
  publisher={MIT Press},
  note={ISBN: 978-0-262-03925-2}
}

@article{turing1950computing,
  title={Computing Machinery and Intelligence},
  author={Turing, Alan M.},
  journal={Mind},
  volume={59},
  number={236},
  pages={433--460},
  year={1950},
  publisher={Oxford University Press},
  note={DOI: 10.1093/mind/LIX.236.433}
}

@article{van1998dynamical,
  title={The Dynamical Hypothesis in Cognitive Science},
  author={Van Gelder, Tim},
  journal={Behavioral and Brain Sciences},
  volume={21},
  number={5},
  pages={615--628},
  year={1998},
  publisher={Cambridge University Press},
  note={DOI: 10.1017/S0140525X98001733}
}

@book{wheeler2005reconstructing,
  title={Reconstructing the Cognitive World: The Next Step},
  author={Wheeler, Michael},
  year={2005},
  publisher={MIT Press},
  note={ISBN: 978-0-262-23231-8}
}

@book{wittgenstein1953philosophical,
  title={Philosophical Investigations},
  author={Wittgenstein, Ludwig},
  year={1953},
  publisher={Blackwell Publishing},
  note={ISBN: 978-0-631-23127-1}
}