@article{atasoy2016human,
  title={Human brain networks function in connectome-specific harmonic waves},
  author={Atasoy, Selen and Donnelly, Isaac and Pearson, Joel},
  journal={Nature Communications},
  volume={7},
  number={1},
  pages={10340},
  year={2016},
  note={DOI: 10.1038/ncomms10340}
}

@article{brunel2003what,
  title={What determines the frequency of fast network oscillations with irregular neural discharges? I. Synaptic dynamics and excitation-inhibition balance},
  author={Brunel, Nicolas and Wang, Xiao-Jing},
  journal={Journal of Neurophysiology},
  volume={90},
  number={1},
  pages={415--430},
  year={2003},
  note={DOI: 10.1152/jn.01095.2002}
}

@book{buzsaki2006rhythms,
  title={Rhythms of the Brain},
  author={Buzsáki, György},
  year={2006},
  publisher={Oxford University Press},
  note={ISBN: 9780195301069}
}

@article{dehaene2014toward,
  title={Toward a computational theory of conscious processing},
  author={Dehaene, Stanislas and Charles, Lucie and King, Jean-Rémi and Marti, Sébastien},
  journal={Current Opinion in Neurobiology},
  volume={25},
  pages={76--84},
  year={2014},
  note={DOI: 10.1016/j.conb.2013.12.005}
}

@article{fries2015rhythms,
  title={Rhythms for cognition: Communication through coherence},
  author={Fries, Pascal},
  journal={Neuron},
  volume={88},
  number={1},
  pages={220--235},
  year={2015},
  note={DOI: 10.1016/j.neuron.2015.09.034}
}

@article{hameroff2014consciousness2dup,
  title={Consciousness in the universe: A review of the 'Orch OR' theory},
  author={Hameroff, Stuart and Penrose, Roger},
  journal={Physics of Life Reviews},
  volume={11},
  number={1},
  pages={39--78},
  year={2014},
  note={DOI: 10.1016/j.plrev.2013.08.002}
}

@article{hasson2015hierarchical,
  title={Hierarchical process memory: Memory as an integral component of information processing},
  author={Hasson, Uri and Chen, Janice and Honey, Christopher J.},
  journal={Trends in Cognitive Sciences},
  volume={19},
  number={6},
  pages={304--313},
  year={2015},
  note={DOI: 10.1016/j.tics.2015.04.006}
}

@article{mcfadden2020integrating,
  title={Integrating information in the brain's EM field: The cemi field theory of consciousness},
  author={McFadden, Johnjoe},
  journal={Neuroscience of Consciousness},
  volume={2020},
  number={1},
  pages={niaa016},
  year={2020},
  note={DOI: 10.1093/nc/niaa016}
}

@article{pockett2012electromagnetic,
  title={The electromagnetic field theory of consciousness: A testable hypothesis about the characteristics of conscious as opposed to non-conscious fields},
  author={Pockett, Susan},
  journal={Journal of Consciousness Studies},
  volume={19},
  number={11-12},
  pages={191--223},
  year={2012},
  comment={URL: https://www.ingentaconnect.com/content/imp/jcs/2012/00000019/f0020011/art00010}
}

@article{singer2018neuronal,
  title={Neuronal oscillations: Unavoidable and useful?},
  author={Singer, Wolf},
  journal={European Journal of Neuroscience},
  volume={48},
  number={7},
  pages={2389--2398},
  year={2018},
  note={DOI: 10.1111/ejn.14196}
}

@book{sporns2011networks,
  title={Networks of the Brain},
  author={Sporns, Olaf},
  year={2011},
  publisher={MIT Press},
  note={ISBN: 9780262014694}
}

@article{tononi2015consciousness2dup,
  title={Consciousness: Here, there and everywhere?},
  author={Tononi, Giulio and Koch, Christof},
  journal={Philosophical Transactions of the Royal Society B: Biological Sciences},
  volume={370},
  number={1668},
  pages={20140167},
  year={2015},
  note={DOI: 10.1098/rstb.2014.0167}
}

@article{varela2001brainweb,
  title={The brainweb: Phase synchronization and large-scale integration},
  author={Varela, Francisco and Lachaux, Jean-Philippe and Rodriguez, Enrique and Martinerie, Jacques},
  journal={Nature Reviews Neuroscience},
  volume={2},
  number={4},
  pages={229--239},
  year={2001},
  note={DOI: 10.1038/35067550}
}

@article{vasile2017human,
  title={Human astrocytes: Structure and functions in the healthy brain},
  author={Vasile, Florentina and Dossi, Elena and Rouach, Nathalie},
  journal={Brain Structure and Function},
  volume={222},
  number={5},
  pages={2017--2029},
  year={2017},
  note={DOI: 10.1007/s00429-017-1383-5}
}

@book{von2010dynamic,
  title={Dynamic Coordination in the Brain: From Neurons to Mind},
  author={von der Malsburg, Christoph and Phillips, William A. and Singer, Wolf},
  year={2010},
  publisher={MIT Press},
  note={ISBN: 9780262014717}
}