@article{abraham1996metaplasticity,
  title={Metaplasticity: The plasticity of synaptic plasticity},
  author={Abraham, Wickliffe C. and Bear, Mark F.},
  journal={Trends in Neurosciences},
  volume={19},
  number={4},
  pages={126--130},
  year={1996},
  publisher={Elsevier},
  note={DOI: 10.1016/S0166-2236(96)80018-X}
}

@article{bekenstein1981universal,
  title={Universal upper bound on the entropy-to-energy ratio for bounded systems},
  author={Bekenstein, Jacob D.},
  journal={Physical Review D},
  volume={23},
  number={2},
  pages={287--298},
  year={1981},
  publisher={American Physical Society},
  note={DOI: 10.1103/PhysRevD.23.287}
}

@article{delcul2007brain,
  title={Brain dynamics underlying the nonlinear threshold for access to consciousness},
  author={Del Cul, Antoine and Baillet, Sylvain and Dehaene, Stanislas},
  journal={PLoS Biology},
  volume={5},
  number={10},
  pages={e260},
  year={2007},
  publisher={Public Library of Science},
  note={DOI: 10.1371/journal.pbio.0050260}
}

@article{herzog2016time,
  title={Time slices: What is the duration of a percept?},
  author={Herzog, Michael H. and Kammer, Thomas and Scharnowski, Frank},
  journal={PLoS Biology},
  volume={14},
  number={4},
  pages={e1002433},
  year={2016},
  publisher={Public Library of Science},
  note={DOI: 10.1371/journal.pbio.1002433}
}

@article{hoel2017when,
  title={When the map is better than the territory},
  author={Hoel, Erik P.},
  journal={Entropy},
  volume={19},
  number={5},
  pages={188},
  year={2017},
  publisher={MDPI},
  note={DOI: 10.3390/e19050188}
}

@article{melloni2007synchronization,
  title={Synchronization of neural activity across cortical areas correlates with conscious perception},
  author={Melloni, Lucia and Molina, Conrado and Pena, Marcela and Torres, Diego and Singer, Wolf and Rodriguez, Eugenio},
  journal={Journal of Neuroscience},
  volume={27},
  number={11},
  pages={2858--2865},
  year={2007},
  publisher={Society for Neuroscience},
  note={DOI: 10.1523/JNEUROSCI.4623-06.2007}
}

@article{northoff2017how,
  title={How do the brain's time and space mediate consciousness and its different dimensions? Temporo-spatial theory of consciousness (TTC)},
  author={Northoff, Georg and Huang, Zhi},
  journal={Neuroscience \& Biobehavioral Reviews},
  volume={80},
  pages={630--645},
  year={2017},
  publisher={Elsevier},
  note={DOI: 10.1016/j.neubiorev.2017.07.013}
}

@article{oyama2009noise,
  title={Noise-induced entrainment and stochastic resonance in human brain waves},
  author={Oyama, S. and Shimizu, H. and Sano, M.},
  journal={Physical Review Letters},
  volume={102},
  number={10},
  pages={104101},
  year={2009},
  publisher={American Physical Society},
  note={DOI: 10.1103/PhysRevLett.102.104101}
}

@article{petermann2009spontaneous,
  title={Spontaneous cortical activity in awake monkeys composed of neuronal avalanches},
  author={Petermann, Thomas and Thiagarajan, T. C. and Lebedev, M. A. and Nicolelis, M. A. and Chialvo, Dante R. and Plenz, Dietmar},
  journal={Proceedings of the National Academy of Sciences},
  volume={106},
  number={37},
  pages={15921--15926},
  year={2009},
  publisher={National Academy of Sciences},
  note={DOI: 10.1073/pnas.0904089106}
}

@article{ramachandran2001synaesthesia,
  title={Synaesthesia—a window into perception, thought and language},
  author={Ramachandran, Vilayanur S. and Hubbard, Edward M.},
  journal={Journal of Consciousness Studies},
  volume={8},
  number={12},
  pages={3--34},
  year={2001},
  publisher={Imprint Academic},
  note={URL: https://www.imprint.co.uk/product/jcs-8-12/}
}

@article{seth2015granger,
  title={Granger causality analysis in neuroscience and neuroimaging},
  author={Seth, Anil K. and Barrett, Adam B. and Barnett, Lionel},
  journal={Journal of Neuroscience},
  volume={35},
  number={8},
  pages={3293--3297},
  year={2015},
  publisher={Society for Neuroscience},
  note={DOI: 10.1523/JNEUROSCI.4399-14.2015}
}

@article{tegmark2016improved,
  title={Improved measures of integrated information},
  author={Tegmark, Max},
  journal={PLoS Computational Biology},
  volume={12},
  number={11},
  pages={e1005123},
  year={2016},
  publisher={Public Library of Science},
  note={DOI: 10.1371/journal.pcbi.1005123}
}

@article{tononi1998consciousness,
  title={Consciousness and complexity},
  author={Tononi, Giulio and Edelman, Gerald M.},
  journal={Science},
  volume={282},
  number={5395},
  pages={1846--1851},
  year={1998},
  publisher={American Association for the Advancement of Science},
  note={DOI: 10.1126/science.282.5395.1846}
}

@article{vazquez2019gradients,
  title={Gradients of structure–function tethering across neocortex},
  author={Vázquez-Rodríguez, B. and Suárez, L. E. and Markello, R. D. and Shafiei, G. and Paquola, C. and Hagmann, P. and Misic, B.},
  journal={Proceedings of the National Academy of Sciences},
  volume={116},
  number={42},
  pages={21219--21227},
  year={2019},
  publisher={National Academy of Sciences},
  note={DOI: 10.1073/pnas.1903403116}
}

@article{zylberberg2010brain,
  title={The brain's router: A cortical network model of serial processing in the primate brain},
  author={Zylberberg, Ariel and Slezak, Diego F. and Roelfsema, Pieter R. and Dehaene, Stanislas and Sigman, Mariano},
  journal={PLoS Computational Biology},
  volume={6},
  number={4},
  pages={e1000765},
  year={2010},
  publisher={Public Library of Science},
  note={DOI: 10.1371/journal.pcbi.1000765}
}