@article{adhikari2010cross,
  title={Cross-correlation of instantaneous amplitudes of field potential oscillations: A straightforward method to estimate the directionality and lag between brain areas},
  author={Adhikari, Avishek and Sigurdsson, Torfi and Topiwala, Mihir A. and Gordon, Joshua A.},
  journal={Journal of Neuroscience Methods},
  volume={191},
  number={2},
  pages={191--200},
  year={2010},
  publisher={Elsevier},
  note={DOI: 10.1016/j.jneumeth.2010.06.019}
}

@article{buzsaki2004neuronal,
  title={Neuronal oscillations in cortical networks},
  author={Buzsáki, György and Draguhn, Andreas},
  journal={Science},
  volume={304},
  number={5679},
  pages={1926--1929},
  year={2004},
  publisher={American Association for the Advancement of Science},
  note={DOI: 10.1126/science.1099745}
}

@article{crick1990towards,
  title={Towards a neurobiological theory of consciousness},
  author={Crick, Francis and Koch, Christof},
  journal={Seminars in the Neurosciences},
  volume={2},
  pages={263--275},
  year={1990},
  publisher={Academic Press},
  note={DOI: 10.1016/1044-5765(90)90026-X}
}

@article{engel2001temporal,
  title={Temporal binding and the neural correlates of sensory awareness},
  author={Engel, Andreas K. and Singer, Wolf},
  journal={Trends in Cognitive Sciences},
  volume={5},
  number={1},
  pages={16--25},
  year={2001},
  publisher={Elsevier},
  note={DOI: 10.1016/S1364-6613(00)01568-0}
}

@article{fell2011role,
  title={The role of phase synchronization in memory processes},
  author={Fell, Juergen and Axmacher, Nikolai},
  journal={Nature Reviews Neuroscience},
  volume={12},
  number={2},
  pages={105--118},
  year={2011},
  publisher={Nature Publishing Group},
  note={DOI: 10.1038/nrn2979}
}

@article{gray1999temporal,
  title={The temporal correlation hypothesis of visual feature integration: Still alive and well},
  author={Gray, Charles M.},
  journal={Neuron},
  volume={24},
  number={1},
  pages={31--47},
  year={1999},
  publisher={Elsevier},
  note={DOI: 10.1016/S0896-6273(00)80819-6}
}

@incollection{hardcastle1999binding,
  title={The Binding Problem},
  author={Hardcastle, Valerie Gray},
  booktitle={A Companion to Cognitive Science},
  editor={Bechtel, William and Graham, George},
  pages={555--565},
  year={1999},
  publisher={Blackwell},
  note={ISBN: 978-0631208772}
}

@article{honey2012slow,
  title={Slow cortical dynamics and the accumulation of information over long timescales},
  author={Honey, Christopher J. and Thesen, Thomas and Donner, Tobias H. and Silbert, Lauren J. and Carlson, Charles E. and Devinsky, Orrin and Doyle, Werner K. and Rubin, Nava and Heeger, David J. and Hasson, Uri},
  journal={Neuron},
  volume={76},
  number={2},
  pages={423--434},
  year={2012},
  publisher={Elsevier},
  note={DOI: 10.1016/j.neuron.2012.08.011}
}

@article{kumar2010spiking,
  title={Spiking activity propagation in neuronal networks: Reconciling different perspectives on neural coding},
  author={Kumar, Arvind and Rotter, Stefan and Aertsen, Ad},
  journal={Nature Reviews Neuroscience},
  volume={11},
  number={9},
  pages={615--627},
  year={2010},
  publisher={Nature Publishing Group},
  note={DOI: 10.1038/nrn2886}
}

@article{lisman2013theta,
  title={The theta-gamma neural code},
  author={Lisman, John E. and Jensen, Ole},
  journal={Neuron},
  volume={77},
  number={6},
  pages={1002--1016},
  year={2013},
  publisher={Elsevier},
  note={DOI: 10.1016/j.neuron.2013.03.007}
}

@article{panzeri2010sensory,
  title={Sensory neural codes using multiplexed temporal scales},
  author={Panzeri, Stefano and Brunel, Nicolas and Logothetis, Nikos K. and Kayser, Christoph},
  journal={Trends in Neurosciences},
  volume={33},
  number={3},
  pages={111--120},
  year={2010},
  publisher={Elsevier},
  note={DOI: 10.1016/j.tins.2009.12.001}
}

@article{roskies1999binding,
  title={The binding problem},
  author={Roskies, Adina L.},
  journal={Neuron},
  volume={24},
  number={1},
  pages={7--9},
  year={1999},
  publisher={Elsevier},
  note={DOI: 10.1016/S0896-6273(00)80818-4}
}

@article{singer1999neuronal,
  title={Neuronal synchrony: A versatile code for the definition of relations?},
  author={Singer, Wolf},
  journal={Neuron},
  volume={24},
  number={1},
  pages={49--65},
  year={1999},
  publisher={Elsevier},
  note={DOI: 10.1016/S0896-6273(00)80821-4}
}

@article{treisman1996binding,
  title={The binding problem},
  author={Treisman, Anne},
  journal={Current Opinion in Neurobiology},
  volume={6},
  number={2},
  pages={171--178},
  year={1996},
  publisher={Elsevier},
  note={DOI: 10.1016/S0959-4388(96)80070-5}
}

@article{vanrullen2003perception,
  title={Is perception discrete or continuous?},
  author={VanRullen, Rufin and Koch, Christof},
  journal={Trends in Cognitive Sciences},
  volume={7},
  number={5},
  pages={207--213},
  year={2003},
  publisher={Elsevier},
  note={DOI: 10.1016/S1364-6613(03)00095-0}
}

@article{vondermalsburg1999binding,
  title={The what and why of binding: The modeler's perspective},
  author={von der Malsburg, Christoph},
  journal={Neuron},
  volume={24},
  number={1},
  pages={95--104},
  year={1999},
  publisher={Elsevier},
  note={DOI: 10.1016/S0896-6273(00)80823-8}
}

@article{wang2010neurophysiological,
  title={Neurophysiological and computational principles of cortical rhythms in cognition},
  author={Wang, Xiao-Jing},
  journal={Physiological Reviews},
  volume={90},
  number={3},
  pages={1195--1268},
  year={2010},
  publisher={American Physiological Society},
  note={DOI: 10.1152/physrev.00035.2008}
}

@article{womelsdorf2007modulation,
  title={Modulation of neuronal interactions through neuronal synchronization},
  author={Womelsdorf, Thilo and Schoffelen, Jan-Mathijs and Oostenveld, Robert and Singer, Wolf and Desimone, Robert and Engel, Andreas K. and Fries, Pascal},
  journal={Science},
  volume={316},
  number={5831},
  pages={1609--1612},
  year={2007},
  publisher={American Association for the Advancement of Science},
  note={DOI: 10.1126/science.1139597}
}

@article{zeki1999toward,
  title={Toward a theory of visual consciousness},
  author={Zeki, Semir and Bartels, Andreas},
  journal={Consciousness and Cognition},
  volume={8},
  number={2},
  pages={225--259},
  year={1999},
  publisher={Elsevier},
  note={DOI: 10.1006/ccog.1999.0390}
}

@article{zhang2023adaptive,
  author    = {Xin-Ya Zhang and Sebastian Bobadilla-Suarez and Xiaoliang Luo and Marilena Lemonari and Scott L. Brincat and Markus Siegel and Earl K. Miller and Bradley C. Love},
  title     = {Adaptive stretching of representations across brain regions and deep learning model layers},
  journal   = {bioRxiv},
  year      = {2023},
  note      = {DOI: 10.1101/2023.12.01.569615, URL: https://www.biorxiv.org/content/10.1101/2023.12.01.569615v1}
}