@article{baars2013global,
  title={Global workspace dynamics: cortical ``binding and propagation'' enables conscious contents},
  author={Baars, Bernard J. and Franklin, Stan and Rams{\o}y, Thomas Zoega},
  journal={Frontiers in Psychology},
  volume={4},
  pages={200},
  year={2013},
  publisher={Frontiers Media SA},
  note={DOI: 10.3389/fpsyg.2013.00200}
}

@book{bayne2010unity,
  title={The Unity of Consciousness},
  author={Bayne, Tim},
  year={2010},
  publisher={Oxford University Press},
  note={URL: https://global.oup.com/academic/product/the-unity-of-consciousness-9780199215385}
}

@incollection{bayne2003unity,
  title={What is the unity of consciousness?},
  author={Bayne, Tim and Chalmers, David J.},
  booktitle={The Unity of Consciousness: Binding, Integration, and Dissociation},
  editor={Cleeremans, Axel},
  pages={23--58},
  year={2003},
  publisher={Oxford University Press},
  note={URL: https://global.oup.com/academic/product/the-unity-of-consciousness-9780198509188}
}

@incollection{brook2014unity,
  title={Unity of Consciousness},
  author={Brook, Andrew and Raymont, Paul},
  booktitle={The Stanford Encyclopedia of Philosophy},
  editor={Zalta, Edward N.},
  year={2014},
  publisher={Metaphysics Research Lab, Stanford University},
  note={URL: https://plato.stanford.edu/entries/consciousness-unity}
}

@book{cleeremans2003unity,
  title={The Unity of Consciousness: Binding, Integration, and Dissociation},
  editor={Cleeremans, Axel},
  year={2003},
  publisher={Oxford University Press},
  note={URL: https://global.oup.com/academic/product/the-unity-of-consciousness-9780198509188}
}

@book{dainton2000stream,
  title={Stream of Consciousness: Unity and Continuity in Conscious Experience},
  author={Dainton, Barry},
  year={2000},
  publisher={Routledge},
  note={URL: https://www.routledge.com/Stream-of-Consciousness/Dainton/p/book/9780415212445}
}

@article{grossberg2017towards,
  title={Towards solving the hard problem of consciousness: The varieties of brain resonances and the conscious experiences that they support},
  author={Grossberg, Stephen},
  journal={Neural Networks},
  volume={87},
  pages={38--95},
  year={2017},
  publisher={Elsevier},
  note={DOI: 10.1016/j.neunet.2016.11.003}
}

@book{hurley1998consciousness,
  title={Consciousness in Action},
  author={Hurley, Susan L.},
  year={1998},
  publisher={Harvard University Press},
  note={URL: https://www.hup.harvard.edu/catalog.php?isbn=9780674007961}
}

@book{james1890principles,
  title={The Principles of Psychology},
  author={James, William},
  year={1890},
  publisher={Henry Holt and Company},
  note={URL: https://www.gutenberg.org/ebooks/57628}
}

@article{mashour2018controversial,
  title={The controversial correlates of consciousness},
  author={Mashour, George A.},
  journal={Science},
  volume={360},
  number={6388},
  pages={493--494},
  year={2018},
  publisher={American Association for the Advancement of Science},
  note={DOI: 10.1126/science.aat3081}
}

@article{revonsuo2003contents,
  title={The contents of phenomenal consciousness: one relation to rule them all and in the unity bind them},
  author={Revonsuo, Antti},
  journal={Psyche},
  volume={9},
  number={8},
  pages={1--20},
  year={2003}
}

@article{tononi2012integrated,
  title={Integrated information theory of consciousness: an updated account},
  author={Tononi, Giulio},
  journal={Archives Italiennes de Biologie},
  volume={150},
  number={2-3},
  pages={56--90},
  year={2012},
  publisher={Università di Pisa},
  note={DOI: 10.4449/aib.v149i5.1388}
}

@book{tye2003consciousness,
  title={Consciousness and Persons: Unity and Identity},
  author={Tye, Michael},
  year={2003},
  publisher={MIT Press},
  note={URL: https://mitpress.mit.edu/9780262201455}
}

@article{varela1995resonant,
  title={Resonant cell assemblies: a new approach to cognitive functions and neuronal synchrony},
  author={Varela, Francisco J.},
  journal={Biological Research},
  volume={28},
  number={1},
  pages={81--95},
  year={1995},
  publisher={Sociedad de Biología de Chile},
  note={DOI: 10.4067/S0716-97601995000100007}
}

@article{zeki2003disunity,
  title={The disunity of consciousness},
  author={Zeki, Semir},
  journal={Trends in Cognitive Sciences},
  volume={7},
  number={5},
  pages={214--218},
  year={2003},
  publisher={Elsevier},
  note={DOI: 10.1016/S1364-6613(03)00083-9}
}