@article{anastassiou2015ephaptic,
  title={Ephaptic coupling to endogenous electric field activity: why bother?},
  author={Anastassiou, Costas A. and Koch, Christof},
  journal={Current Opinion in Neurobiology},
  volume={31},
  pages={95--103},
  year={2015},
  publisher={Elsevier},
  note={DOI: 10.1016/j.conb.2014.09.002}
}

@article{bakken2021comparative,
  title={Comparative cellular analysis of motor cortex in human, marmoset and mouse},
  author={Bakken, Trygve E. and Jorstad, Nikolas L. and Hu, Qiwen and Lake, Blue B. and Tian, Wei and Kalmbach, Brian E. and Crow, Mark and Hodge, Rebecca D. and Krienen, Fenna M. and Sorensen, Staci A. and others},
  journal={Nature},
  volume={598},
  number={7879},
  pages={111--119},
  year={2021},
  publisher={Nature Publishing Group},
  note={DOI: 10.1038/s41586-021-03465-8}
}

@article{bobadilla-suarez2020measures,
  title={Measures of Neural Similarity},
  author={Bobadilla-Suarez, S. and Ahlheim, C. and Mehrotra, A. and Panos, A. and Love, B. C.},
  journal={Computational Brain \& Behavior},
  volume={3},
  number={4},
  pages={369--383},
  year={2020},
  note={DOI: 10.1007/s42113-019-00068-5}
}

@article{cembrowski2018continuous,
  title={Continuous variation within cell types of the nervous system},
  author={Cembrowski, Mark S. and Menon, Vinod},
  journal={Trends in Neurosciences},
  volume={41},
  number={6},
  pages={337--348},
  year={2018},
  publisher={Elsevier},
  note={DOI: 10.1016/j.tins.2018.03.013}
}

@article{edelman2013reentry,
  title={Reentry: a key mechanism for integration of brain function},
  author={Edelman, Gerald M. and Gally, Joseph A.},
  journal={Frontiers in Integrative Neuroscience},
  volume={7},
  pages={63},
  year={2013},
  publisher={Frontiers},
  note={DOI: 10.3389/fnint.2013.00063}
}

@article{hawrylycz2016inferring,
  title={Inferring cortical function through molecular profiling},
  author={Hawrylycz, Michael and others},
  journal={Nature Reviews Neuroscience},
  volume={17},
  number={8},
  pages={465--476},
  year={2016},
  publisher={Nature Publishing Group},
  note={DOI: 10.1038/nrn.2016.58}
}

@article{lake2016neuronal,
  title={Neuronal subtypes and diversity revealed by single-nucleus RNA sequencing of the human brain},
  author={Lake, Blue B. and others},
  journal={Science},
  volume={352},
  number={6293},
  pages={1586--1590},
  year={2016},
  publisher={American Association for the Advancement of Science},
  note={DOI: 10.1126/science.aaf1204}
}

@article{lein2017promise,
  title={The promise of spatial transcriptomics for neuroscience in the era of molecular cell typing},
  author={Lein, Ed and Borm, Linnea E. and Linnarsson, Sten},
  journal={Science},
  volume={358},
  number={6359},
  pages={64--69},
  year={2017},
  publisher={American Association for the Advancement of Science},
  note={DOI: 10.1126/science.aan6827}
}

@article{macosko2015highly,
  title={Highly parallel genome-wide expression profiling of individual cells using nanoliter droplets},
  author={Macosko, Evan Z. and others},
  journal={Cell},
  volume={161},
  number={5},
  pages={1202--1214},
  year={2015},
  publisher={Elsevier},
  note={DOI: 10.1016/j.cell.2015.05.002}
}

@article{nowakowski2017spatiotemporal,
  title={Spatiotemporal gene expression trajectories reveal developmental hierarchies of the human cortex},
  author={Nowakowski, Tomasz J. and others},
  journal={Science},
  volume={358},
  number={6368},
  pages={1318--1323},
  year={2017},
  publisher={American Association for the Advancement of Science},
  note={DOI: 10.1126/science.aap8809}
}

@article{raj2008nature,
  title={Nature, nurture, or chance: stochastic gene expression and its consequences},
  author={Raj, Arjun and van Oudenaarden, Alexander},
  journal={Cell},
  volume={135},
  number={2},
  pages={216--226},
  year={2008},
  publisher={Elsevier},
  note={DOI: 10.1016/j.cell.2008.09.050}
}

@article{saunders2018molecular,
  title={Molecular diversity and specializations among the cortical inhibitory interneurons},
  author={Saunders, Arpiar and others},
  journal={Nature},
  volume={539},
  number={7628},
  pages={298--302},
  year={2018},
  publisher={Nature Publishing Group},
  note={DOI: 10.1038/nature16446}
}

@article{siletti2023transcriptomic,
  title={Transcriptomic diversity of cell types across the adult human brain},
  author={Siletti, Kimberly and Hodge, Rebecca and Mossi Albiach, Alejandro and Lee, Ka Wai and Ding, Song-Lin and Hu, Lijuan and LÃ¶nnerberg, Peter and Bakken, Trygve and Casper, Tamara and Clark, Michael and Dee, Nick and Gloe, Jessica and Hirschstein, Daniel and Shapovalova, Nadiya V. and Keene, C. Dirk and Nyhus, Julie and Tung, Herman and Yanny, Anna Marie and Arenas, Ernest and Lein, Ed S. and Linnarsson, Sten},
  journal={Science},
  volume={382},
  number={6667},
  pages={eadd7046},
  year={2023},
  note={DOI: 10.1126/science.add7046}
}

@article{tasic2018shared,
  title={Shared and distinct transcriptomic cell types across neocortical areas},
  author={Tasic, Bosiljka and others},
  journal={Nature},
  volume={563},
  number={7729},
  pages={72--78},
  year={2018},
  publisher={Nature Publishing Group},
  note={DOI: 10.1038/s41586-018-0654-5}
}

@article{thompson2014human,
  title={The human brain transcriptional landscape},
  author={Thompson, Carol L. and others},
  journal={Nature Reviews Neuroscience},
  volume={15},
  number={8},
  pages={475--487},
  year={2014},
  publisher={Nature Publishing Group},
  note={DOI: 10.1038/nrn3726}
}

@article{trapnell2015defining,
  title={Defining cell types and states with single-cell genomics},
  author={Trapnell, Cole},
  journal={Genome Research},
  volume={25},
  number={10},
  pages={1491--1498},
  year={2015},
  publisher={Cold Spring Harbor Lab},
  note={DOI: 10.1101/gr.190595.115}
}

@article{wang2018three,
  title={Three-dimensional intact-tissue sequencing of single-cell transcriptional states},
  author={Wang, Xian and others},
  journal={Science},
  volume={361},
  number={6400},
  pages={eaat5691},
  year={2018},
  publisher={American Association for the Advancement of Science},
  note={DOI: 10.1126/science.eaat5691}
}

@article{yuste2020community,
  title={A community-based transcriptomics classification and nomenclature of neocortical cell types},
  author={Yuste, Rafael and others},
  journal={Nature Neuroscience},
  volume={23},
  number={12},
  pages={1456--1468},
  year={2020},
  publisher={Nature Publishing Group},
  note={DOI: 10.1038/s41593-020-00755-2}
}

@article{zeisel2015cell,
  title={Cell types in the mouse cortex and hippocampus revealed by single-cell RNA-seq},
  author={Zeisel, Amit and others},
  journal={Science},
  volume={347},
  number={6226},
  pages={1138--1142},
  year={2015},
  publisher={American Association for the Advancement of Science},
  note={DOI: 10.1126/science.aaa1934}
}