@article{attwell2001,
  title={An energy budget for signaling in the grey matter of the brain},
  author={Attwell, David and Laughlin, Simon B.},
  journal={Journal of Cerebral Blood Flow \& Metabolism},
  volume={21},
  number={10},
  pages={1133--1145},
  year={2001},
  publisher={SAGE Publications},
  note={DOI: 10.1097/00004647-200110000-00001}
}

@book{bialek2012,
  title={Biophysics: Searching for Principles},
  author={Bialek, William},
  year={2012},
  publisher={Princeton University Press},
  address={Princeton, NJ},
  note={ISBN: 978-0-691-13891-6}
}

@article{faisal2008,
  title={Noise in the nervous system},
  author={Faisal, A. Aldo and Selen, Luc P.J. and Wolpert, Daniel M.},
  journal={Nature Reviews Neuroscience},
  volume={9},
  number={4},
  pages={292--303},
  year={2008},
  publisher={Nature Publishing Group},
  note={DOI: 10.1038/nrn2258}
}

@article{fox2007,
  title={Spontaneous fluctuations in brain activity observed with functional magnetic resonance imaging},
  author={Fox, Michael D. and Raichle, Marcus E.},
  journal={Nature Reviews Neuroscience},
  volume={8},
  number={9},
  pages={700--711},
  year={2007},
  publisher={Nature Publishing Group},
  note={DOI: 10.1038/nrn2201}
}

@article{gammaitoni1998,
  title={Stochastic resonance},
  author={Gammaitoni, Luca and H{\"a}nggi, Peter and Jung, Peter and Marchesoni, Fabio},
  journal={Reviews of Modern Physics},
  volume={70},
  number={1},
  pages={223--287},
  year={1998},
  publisher={American Physical Society},
  note={DOI: 10.1103/RevModPhys.70.223}
}

@article{harris2012,
  title={Synaptic energy use and supply},
  author={Harris, Julia J. and Jolivet, Renaud and Attwell, David},
  journal={Neuron},
  volume={75},
  number={5},
  pages={762--777},
  year={2012},
  publisher={Elsevier},
  note={DOI: 10.1016/j.neuron.2012.08.019}
}

@book{keizer1987,
  title={Statistical Thermodynamics of Nonequilibrium Processes},
  author={Keizer, Joel},
  year={1987},
  publisher={Springer},
  address={New York, NY},
  note={ISBN: 978-0-387-96568-3}
}

@article{laughlin2001,
  title={Energy as a constraint on the coding and processing of sensory information},
  author={Laughlin, Simon B.},
  journal={Current Opinion in Neurobiology},
  volume={11},
  number={4},
  pages={475--480},
  year={2001},
  publisher={Elsevier},
  note={DOI: 10.1016/S0959-4388(00)00237-3}
}

@article{mcdonnell2009,
  title={What is stochastic resonance? Definitions, misconceptions, debates, and its relevance to biology},
  author={McDonnell, Mark D. and Abbott, Derek},
  journal={PLoS Computational Biology},
  volume={5},
  number={5},
  pages={e1000348},
  year={2009},
  publisher={Public Library of Science},
  note={DOI: 10.1371/journal.pcbi.1000348}
}

@article{mcdonnell2011,
  title={The benefits of noise in neural systems: bridging theory and experiment},
  author={McDonnell, Mark D. and Ward, Lawrence M.},
  journal={Nature Reviews Neuroscience},
  volume={12},
  number={7},
  pages={415--426},
  year={2011},
  publisher={Nature Publishing Group},
  note={DOI: 10.1038/nrn3061}
}

@article{niven2008,
  title={Energy limitation as a selective pressure on the evolution of sensory systems},
  author={Niven, Jeremy E. and Laughlin, Simon B.},
  journal={Journal of Experimental Biology},
  volume={211},
  number={11},
  pages={1792--1804},
  year={2008},
  publisher={The Company of Biologists},
  note={DOI: 10.1242/jeb.017574}
}

@article{parrondo2015,
  title={Thermodynamics of information},
  author={Parrondo, Juan M.R. and Horowitz, Jordan M. and Sagawa, Takahiro},
  journal={Nature Physics},
  volume={11},
  number={2},
  pages={131--139},
  year={2015},
  publisher={Nature Publishing Group},
  note={DOI: 10.1038/nphys3230}
}

@book{rolls2010,
  title={The Noisy Brain: Stochastic Dynamics as a Principle of Brain Function},
  author={Rolls, Edmund T. and Deco, Gustavo},
  year={2010},
  publisher={Oxford University Press},
  address={Oxford, UK},
  note={ISBN: 978-0-19-958786-5}
}

@article{schreiber2003,
  title={A new correlation-based measure of spike timing reliability},
  author={Schreiber, Sebastian and Fellous, Jean-Marc and Whitmer, David and Tiesinga, Paul and Sejnowski, Terrence J.},
  journal={Neurocomputing},
  volume={52},
  pages={925--931},
  year={2003},
  publisher={Elsevier},
  note={DOI: 10.1016/S0925-2312(02)00838-X}
}

@article{sejnowski2014,
  title={The unreasonable effectiveness of thermodynamic principles in evolution},
  author={Sejnowski, Terrence J.},
  journal={Proceedings of the National Academy of Sciences},
  volume={111},
  number={17},
  pages={6103--6104},
  year={2014},
  publisher={National Academy of Sciences},
  note={DOI: 10.1073/pnas.1407048111}
}

@book{vanderziel1988,
  title={Noise in Solid State Devices and Circuits},
  author={Van der Ziel, Aldert},
  year={1988},
  publisher={Wiley},
  address={New York, NY},
  note={ISBN: 978-0-471-85770-9}
}