@book{Atkins2010,
  title={Physical Chemistry},
  author={Atkins, P. W. and De Paula, J.},
  edition={9th},
  year={2010},
  publisher={Oxford University Press},
  address={Oxford},
  note={ISBN: 978-0-19-954337-3}
}

@article{Bialek2018,
  title={Quantum limits to information processing},
  author={Bialek, William},
  journal={Reports on Progress in Physics},
  volume={81},
  number={1},
  pages={012001},
  year={2018},
  publisher={IOP Publishing},
  note={DOI: 10.1088/1361-6633/aa995b}
}

@article{Brading2002,
  title={Which symmetry? Noether, Weyl, and conservation of electric charge},
  author={Brading, Katherine},
  journal={Studies in History and Philosophy of Science Part B: Studies in History and Philosophy of Modern Physics},
  volume={33},
  number={1},
  pages={3--22},
  year={2002},
  publisher={Elsevier},
  note={DOI: 10.1016/S1355-2198(01)00026-9}
}

@book{Coopersmith2017,
  title={The Lazy Universe: An Introduction to the Principle of Least Action},
  author={Coopersmith, Jennifer},
  year={2017},
  publisher={Oxford University Press},
  address={Oxford},
  note={ISBN: 978-0-19-874304-0}
}

@article{Demetrius2015,
  title={Biological energy and the entropy-energy relationship},
  author={Demetrius, Lloyd and Driver, John},
  journal={Physica A: Statistical Mechanics and its Applications},
  volume={436},
  pages={785--802},
  year={2015},
  publisher={Elsevier},
  note={DOI: 10.1016/j.physa.2015.05.024}
}

@book{Feynman1963,
  title={The Feynman Lectures on Physics, Vol. 1},
  author={Feynman, Richard P.},
  year={1963},
  publisher={Addison-Wesley},
  address={Reading, MA},
  note={ISBN: 978-0-201-02115-8}
}

@book{Floridi2011,
  title={The Philosophy of Information},
  author={Floridi, Luciano},
  year={2011},
  publisher={Oxford University Press},
  address={Oxford},
  note={ISBN: 978-0-19-923238-3}
}

@book{Kosmann-Schwarzbach2011,
  title={The Noether Theorems: Invariance and Conservation Laws in the Twentieth Century},
  author={Kosmann-Schwarzbach, Yvette},
  year={2011},
  publisher={Springer},
  address={New York},
  note={ISBN: 978-0-387-87868-6}
}

@book{Laughlin2005,
  title={A Different Universe: Reinventing Physics from the Bottom Down},
  author={Laughlin, Robert B.},
  year={2005},
  publisher={Basic Books},
  address={New York},
  note={ISBN: 978-0-465-03828-2}
}

@book{Neuenschwander2017,
  title={Emmy Noether's Wonderful Theorem},
  author={Neuenschwander, Dwight E.},
  year={2017},
  publisher={Johns Hopkins University Press},
  address={Baltimore},
  note={ISBN: 978-1-4214-2245-0}
}

@book{Nicolis1977,
  title={Self-Organization in Nonequilibrium Systems},
  author={Nicolis, Gregoire and Prigogine, Ilya},
  year={1977},
  publisher={Wiley},
  address={New York},
  note={ISBN: 978-0-471-02401-9}
}

@article{Prigogine1978,
  title={Time, structure, and fluctuations},
  author={Prigogine, Ilya},
  journal={Science},
  volume={201},
  number={4358},
  pages={777--785},
  year={1978},
  publisher={American Association for the Advancement of Science},
  note={DOI: 10.1126/science.201.4358.777}
}

@article{Qian2007,
  title={Phosphorylation energy hypothesis: open chemical systems and their biological functions},
  author={Qian, Hong},
  journal={Annual Review of Physical Chemistry},
  volume={58},
  pages={113--142},
  year={2007},
  publisher={Annual Reviews},
  note={DOI: 10.1146/annurev.physchem.58.032806.104550}
}

@book{Shulman2013,
  title={Brain Energy: A Scientific Journey Through Alternative Medicine},
  author={Shulman, Robert G.},
  year={2013},
  publisher={Oxford University Press},
  address={Oxford},
  note={ISBN: 978-0-19-986123-1}
}

@article{Street2016,
  title={Neuroscience and the Laws of Physics},
  author={Street, Sharon},
  journal={Proceedings of the Aristotelian Society},
  volume={116},
  number={3},
  pages={341--360},
  year={2016},
  publisher={Oxford University Press},
  note={DOI: 10.1093/arisoc/aow007}
}

@book{Weyl1952,
  title={Symmetry},
  author={Weyl, Hermann},
  year={1952},
  publisher={Princeton University Press},
  address={Princeton, NJ},
  note={ISBN: 978-0-691-02374-8}
}