@article{Aharonov1959,
  title={Significance of electromagnetic potentials in the quantum theory},
  author={Aharonov, Yakir and Bohm, David},
  journal={Physical Review},
  volume={115},
  number={3},
  pages={485--491},
  year={1959},
  publisher={American Physical Society},
  note={DOI: 10.1103/PhysRev.115.485}
}

@article{Atasoy2019,
  title={Neural field theory of consciousness: towards a mathematical theory of hierarchy and dynamics in brain networks},
  author={Atasoy, Selen and Deco, Gustavo and Kringelbach, Morten L.},
  journal={Journal of Consciousness Studies},
  volume={26},
  number={3-4},
  pages={129--161},
  year={2019},
  publisher={Imprint Academic},
  note={URL: https://arxiv.org/abs/2412.12179}
}

@article{Barrett2014,
  title={An integration of integrated information theory with fundamental physics},
  author={Barrett, Adam B.},
  journal={Frontiers in Psychology},
  volume={5},
  pages={63},
  year={2014},
  publisher={Frontiers Media},
  note={DOI: 10.3389/fpsyg.2014.00063}
}

@article{DelGiudice1985,
  title={A quantum field theoretical approach to the collective behavior of biological systems},
  author={Del Giudice, Emilio and Doglia, Sergio and Milani, Mario and Vitiello, Giuseppe},
  journal={Nuclear Physics B},
  volume={251},
  pages={375--400},
  year={1985},
  publisher={Elsevier},
  note={DOI: 10.1016/0550-3213(85)90260-3}
}

@article{Freeman2007,
  title={Scale-free neocortical dynamics},
  author={Freeman, Walter J.},
  journal={Scholarpedia},
  volume={2},
  number={2},
  pages={1357},
  year={2007},
  publisher={Scholarpedia},
  note={DOI: 10.4249/scholarpedia.1357}
}

@article{Freeman2006,
  title={Nonlinear brain dynamics as macroscopic manifestation of underlying many-body field dynamics},
  author={Freeman, Walter J. and Vitiello, Giuseppe},
  journal={Physics of Life Reviews},
  volume={3},
  number={2},
  pages={93--118},
  year={2006},
  publisher={Elsevier},
  note={DOI: 10.1016/j.plrev.2006.02.001}
}

@book{Haken2006,
  title={Brain Dynamics: Synchronization and Activity Patterns in Pulse-Coupled Neural Nets with Delays and Noise},
  author={Haken, Hermann},
  year={2006},
  publisher={Springer},
  address={Berlin},
  note={ISBN: 978-3-540-32857-5}
}

@article{Kelso2012,
  title={Multistability and metastability: understanding dynamic coordination in the brain},
  author={Kelso, J. A. Scott},
  journal={Philosophical Transactions of the Royal Society B},
  volume={367},
  number={1591},
  pages={906--918},
  year={2012},
  publisher={The Royal Society},
  note={DOI: 10.1098/rstb.2011.0351}
}

@article{McFadden2002,
  title={The conscious electromagnetic information (cemi) field theory: the hard problem made easy?},
  author={McFadden, Johnjoe},
  journal={Journal of Consciousness Studies},
  volume={9},
  number={8},
  pages={45--60},
  year={2002},
  publisher={Imprint Academic},
  note={URL: https://philpapers.org/rec/MCFTCE}
}

@book{Nunez2010,
  title={Brain, Mind, and the Structure of Reality},
  author={Nunez, Paul L.},
  year={2010},
  publisher={Oxford University Press},
  address={Oxford},
  note={ISBN: 978-0-19-534071-6}
}

@article{Pockett2012,
  title={The electromagnetic field theory of consciousness: a testable hypothesis about the characteristics of conscious as opposed to non-conscious fields},
  author={Pockett, Susan},
  journal={Journal of Consciousness Studies},
  volume={19},
  number={11-12},
  pages={191--223},
  year={2012},
  publisher={Imprint Academic},
  note={URL: https://philpapers.org/rec/POCTEF}
}

@book{Pribram1991,
  title={Brain and Perception: Holonomy and Structure in Figural Processing},
  author={Pribram, Karl H.},
  year={1991},
  publisher={Lawrence Erlbaum Associates},
  address={Hillsdale, NJ},
  note={ISBN: 978-0-8058-0190-3}
}

@article{Raichle2006,
  title={Brain work and brain imaging},
  author={Raichle, Marcus E. and Mintun, Mark A.},
  journal={Annual Review of Neuroscience},
  volume={29},
  pages={449--476},
  year={2006},
  publisher={Annual Reviews},
  note={DOI: 10.1146/annurev.neuro.29.051605.112819}
}

@incollection{Singer2009,
  title={Neural synchrony and feature binding},
  author={Singer, Wolf},
  booktitle={Encyclopedia of Neuroscience},
  editor={Squire, Larry R.},
  pages={253--259},
  year={2009},
  publisher={Academic Press},
  address={Oxford},
  note={ISBN: 978-0-08-045046-9}
}

@book{Vitiello2001,
  title={My Double Unveiled: The Dissipative Quantum Model of Brain},
  author={Vitiello, Giuseppe},
  year={2001},
  publisher={John Benjamins Publishing},
  address={Amsterdam},
  note={ISBN: 978-90-272-5152-7}
}

@article{Wennekers2009,
  title={Syntactic sequencing in Hebbian cell assemblies},
  author={Wennekers, Thomas and Palm, GÃ¼nther},
  journal={Cognitive Neurodynamics},
  volume={3},
  number={4},
  pages={429--441},
  year={2009},
  publisher={Springer},
  note={DOI: 10.1007/s11571-009-9097-7}
}