@incollection{Abramsky2008,
  title={Categorical quantum mechanics},
  author={Abramsky, Samson and Coecke, Bob},
  booktitle={Handbook of Quantum Logic and Quantum Structures},
  editor={Engesser, Kurt and Gabbay, Dov M. and Lehmann, Daniel},
  pages={261--324},
  year={2008},
  publisher={Elsevier},
  note={DOI: 10.1016/B978-0-444-52869-8.50010-4, Available at: https://arxiv.org/abs/0808.1023}
}

@book{Awodey2010,
  title={Category Theory},
  author={Awodey, Steve},
  edition={2nd},
  year={2010},
  publisher={Oxford University Press},
  address={Oxford},
  note={ISBN: 978-0-19-923718-0}
}

@book{Bredon1997,
  title={Sheaf Theory},
  author={Bredon, Glen E.},
  edition={2nd},
  year={1997},
  publisher={Springer-Verlag},
  address={New York},
  note={ISBN: 978-0-387-94905-5}
}

@book{Ehresmann2007,
  title={Memory Evolutive Systems: Hierarchy, Emergence, Cognition},
  author={Ehresmann, Andrée C. and Vanbremeersch, Jean-Paul},
  year={2007},
  publisher={Elsevier},
  address={Amsterdam},
  note={ISBN: 978-0-444-52152-1, Available at: https://www.amazon.co.uk/Evolutive-Systems-Hierarchy-Emergence-Cognition/dp/0444522441}
}

@article{Goguen1992,
  title={Sheaf semantics for concurrent interacting objects},
  author={Goguen, Joseph A.},
  journal={Mathematical Structures in Computer Science},
  volume={2},
  number={2},
  pages={159--191},
  year={1992},
  publisher={Cambridge University Press},
  note={DOI: 10.1017/S0960129500001400}
}

@book{Kashiwara2005,
  title={Categories and Sheaves},
  author={Kashiwara, Masaki and Schapira, Pierre},
  year={2005},
  publisher={Springer},
  address={Berlin},
  note={ISBN: 978-3-540-27949-5}
}

@book{MacLane1992,
  title={Sheaves in Geometry and Logic: A First Introduction to Topos Theory},
  author={Mac Lane, Saunders and Moerdijk, Ieke},
  year={1992},
  publisher={Springer},
  address={New York},
  note={ISBN: 978-0-387-97710-2}
}

@book{Mallios1998,
  title={Geometry of Vector Sheaves: An Axiomatic Approach to Differential Geometry},
  author={Mallios, Anastasios},
  year={1998},
  publisher={Springer},
  address={Dordrecht},
  note={ISBN: 978-0-7923-5131-7}
}

@article{Porter2002,
  title={What 'shape' is a sheaf?},
  author={Porter, Timothy},
  journal={arXiv preprint math/0205259},
  year={2002},
  note={Available at: https://arxiv.org/abs/math/0205259}
}

@book{Rosen1991,
  title={Life Itself: A Comprehensive Inquiry into the Nature, Origin, and Fabrication of Life},
  author={Rosen, Robert},
  year={1991},
  publisher={Columbia University Press},
  address={New York},
  note={ISBN: 978-0-231-07565-3}
}

@article{Rushworth2018,
  title={A mathematical framework for consciousness based on category theory},
  author={Rushworth, James G. and Ehresmann, Andrée C.},
  journal={International Journal of General Systems},
  volume={47},
  number={6},
  pages={634--661},
  year={2018},
  publisher={Taylor \& Francis},
  note={DOI: 10.1080/03081079.2018.1509974}
}

@article{Shepard1987,
  title={Toward a universal law of generalization for psychological science},
  author={Shepard, Roger N.},
  journal={Science},
  volume={237},
  number={4820},
  pages={1317--1323},
  year={1987},
  publisher={American Association for the Advancement of Science},
  note={DOI: 10.1126/science.3629243}
}

@book{Struppa2011,
  title={A Primer of Sheaf Theory and Sheaf Cohomology},
  author={Struppa, Daniele C. and Goldblatt, Robert},
  year={2011},
  publisher={American Mathematical Society},
  address={Providence, RI},
  note={ISBN: 978-0-8218-5320-4}
}

@book{Tennison1975,
  title={Sheaf Theory},
  author={Tennison, B. R.},
  year={1975},
  publisher={Cambridge University Press},
  address={Cambridge},
  note={ISBN: 978-0-521-29087-9}
}

@book{Wells2008,
  title={A Primer of Category Theory},
  author={Wells, Charles},
  year={2008},
  publisher={Dover Publications},
  address={Mineola, NY},
  note={ISBN: 978-0-486-46934-7}
}