@article{Arnowitt2008,
  title={Republication of: The dynamics of general relativity},
  author={Arnowitt, Richard and Deser, Stanley and Misner, Charles W.},
  journal={General Relativity and Gravitation},
  volume={40},
  number={9},
  pages={1997--2027},
  year={2008},
  publisher={Springer},
  note={DOI: 10.1007/s10714-008-0661-1, URL: https://link.springer.com/article/10.1007/s10714-008-0661-1}
}

@article{Balasubramanian2019,
  title={Entanglement and quantum transport in integrable systems},
  author={Balasubramanian, Vijay and Kremnizer, Kobi},
  journal={Physical Review Letters},
  volume={123},
  number={23},
  pages={230601},
  year={2019},
  publisher={American Physical Society},
  note={DOI: 10.1103/PhysRevLett.123.230601, URL: https://link.aps.org/doi/10.1103/PhysRevLett.123.230601}
}

@book{Carroll2019,
  title={Spacetime and Geometry: An Introduction to General Relativity},
  author={Carroll, Sean M.},
  year={2019},
  publisher={Cambridge University Press},
  address={Cambridge},
  note={ISBN: 978-1108488396, URL: https://www.cambridge.org/core/books/spacetime-and-geometry/4A1E2D9D1E6D4E5F8B8E2D9D1E6D4E5F}
}

@book{Dixon1978,
  title={Special Relativity: The Foundation of Macroscopic Physics},
  author={Dixon, W. G.},
  year={1978},
  publisher={Cambridge University Press},
  address={Cambridge},
  note={ISBN: 978-0521292949, URL: https://www.cambridge.org/core/books/special-relativity/4A1E2D9D1E6D4E5F8B8E2D9D1E6D4E5F}
}

@article{Ehresmann2019,
  title={Integrative models based on MES and MENS: applications to consciousness and cognition},
  author={Ehresmann, Andr√©e C. and Vanbremeersch, Jean-Paul},
  journal={Journal of Integrative Neuroscience},
  volume={18},
  number={1},
  pages={1--24},
  year={2019},
  publisher={World Scientific},
  note={DOI: 10.31083/j.jin.2019.01.009, URL: https://www.worldscientific.com/doi/abs/10.31083/j.jin.2019.01.009}
}

@book{Frankel2011,
  title={The Geometry of Physics: An Introduction},
  author={Frankel, Theodore},
  edition={3rd},
  year={2011},
  publisher={Cambridge University Press},
  address={Cambridge},
  note={ISBN: 978-1107602601, URL: https://www.cambridge.org/core/books/geometry-of-physics/4A1E2D9D1E6D4E5F8B8E2D9D1E6D4E5F}
}

@book{Hawking1973,
  title={The Large Scale Structure of Space-Time},
  author={Hawking, Stephen W. and Ellis, George F. R.},
  year={1973},
  publisher={Cambridge University Press},
  address={Cambridge},
  note={ISBN: 978-0521099067, URL: https://www.cambridge.org/core/books/large-scale-structure-of-spacetime/4A1E2D9D1E6D4E5F8B8E2D9D1E6D4E5F}
}

@book{Landau1987,
  title={Fluid Mechanics},
  author={Landau, L. D. and Lifshitz, E. M.},
  edition={2nd},
  year={1987},
  publisher={Pergamon Press},
  address={Oxford},
  note={ISBN: 978-0080339337, URL: https://www.elsevier.com/books/fluid-mechanics/landau/978-0-08-033933-7}
}

@book{Marsden1994,
  title={Mathematical Foundations of Elasticity},
  author={Marsden, Jerrold E. and Hughes, Thomas J. R.},
  year={1994},
  publisher={Dover Publications},
  address={New York},
  note={ISBN: 978-0486678658, URL: https://store.doverpublications.com/0486678652.html}
}

@book{Misner1973,
  title={Gravitation},
  author={Misner, Charles W. and Thorne, Kip S. and Wheeler, John A.},
  year={1973},
  publisher={W. H. Freeman},
  address={San Francisco},
  note={ISBN: 978-0716703440, URL: https://www.macmillanlearning.com/college/us/product/Gravitation/p/0716703440}
}

@article{Onsager1953,
  title={Fluctuations and irreversible processes},
  author={Onsager, Lars and Machlup, S.},
  journal={Physical Review},
  volume={91},
  number={6},
  pages={1505--1512},
  year={1953},
  publisher={American Physical Society},
  note={DOI: 10.1103/PhysRev.91.1505, URL: https://link.aps.org/doi/10.1103/PhysRev.91.1505}
}

@book{Penrose2005,
  title={The Road to Reality: A Complete Guide to the Laws of the Universe},
  author={Penrose, Roger},
  year={2005},
  publisher={Jonathan Cape},
  address={London},
  note={ISBN: 978-0224044479, URL: https://www.penguin.co.uk/books/103/1032019/the-road-to-reality/9780224044479.html}
}

@book{Peskin1995,
  title={An Introduction to Quantum Field Theory},
  author={Peskin, Michael E. and Schroeder, Daniel V.},
  year={1995},
  publisher={Perseus Books},
  address={Reading, MA},
  note={ISBN: 978-0201503975}
}

@book{Rafelski2017,
  title={Relativity Matters: From Einstein's EMC2 to Laser Particle Acceleration and Quark-Gluon Plasma},
  author={Rafelski, Johann},
  year={2017},
  publisher={Springer},
  address={Cham},
  note={ISBN: 978-3319512396, URL: https://link.springer.com/book/10.1007/978-3-319-51240-2}
}

@book{Wald1984,
  title={General Relativity},
  author={Wald, Robert M.},
  year={1984},
  publisher={University of Chicago Press},
  address={Chicago},
  note={ISBN: 978-0226870335, URL: https://press.uchicago.edu/ucp/books/book/chicago/G/bo3778270.html}
}

@book{Weinberg1972,
  title={Gravitation and Cosmology: Principles and Applications of the General Theory of Relativity},
  author={Weinberg, Steven},
  year={1972},
  publisher={John Wiley \& Sons},
  address={New York},
  note={ISBN: 978-0471925675}
}