@book{Abeles1991,
  title={Corticonics: Neural Circuits of the Cerebral Cortex},
  author={Abeles, Moshe},
  year={1991},
  publisher={Cambridge University Press},
  address={Cambridge},
  note={ISBN: 978-0-521-37617-4, DOI: 10.1017/CBO9780511895565}
}

@article{Alegre2017,
  title={Fixed-point theory for recursive queries},
  author={Alegre, M. and Garc{\'\i}a-Sancho, F.},
  journal={Theory and Practice of Logic Programming},
  volume={17},
  number={5-6},
  pages={856--873},
  year={2017},
  publisher={Cambridge University Press},
  note={DOI: 10.1017/S1471068417000250}
}

@book{Bird1988,
  title={Introduction to Functional Programming},
  author={Bird, Richard and Wadler, Philip},
  year={1988},
  publisher={Prentice Hall},
  address={Englewood Cliffs, NJ},
  note={ISBN: 978-0-13-484189-2, DOI: 10.1017/CBO9781139167178}
}

@article{Dehaene2011,
  title={Experimental and theoretical approaches to conscious processing},
  author={Dehaene, Stanislas and Changeux, Jean-Pierre},
  journal={Neuron},
  volume={70},
  number={2},
  pages={200--227},
  year={2011},
  publisher={Elsevier},
  note={DOI: 10.1016/j.neuron.2011.03.018}
}

@article{Erdos1959,
  title={On random graphs I},
  author={Erd{\H{o}}s, Paul and R{\'e}nyi, Alfr{\'e}d},
  journal={Publicationes Mathematicae Debrecen},
  volume={6},
  pages={290--297},
  year={1959},
  publisher={University of Debrecen}
}

@book{Freeman2000,
  title={Neurodynamics: An Exploration in Mesoscopic Brain Dynamics},
  author={Freeman, Walter J.},
  year={2000},
  publisher={Springer},
  address={London},
  note={ISBN: 978-1-85233-616-5, DOI: 10.1007/978-1-4471-0371-4}
}

@article{Girard1987,
  title={Linear logic},
  author={Girard, Jean-Yves},
  journal={Theoretical Computer Science},
  volume={50},
  number={1},
  pages={1--101},
  year={1987},
  publisher={Elsevier},
  note={DOI: 10.1016/0304-3975(87)90045-4}
}

@book{Haugeland1985,
  title={Artificial Intelligence: The Very Idea},
  author={Haugeland, John},
  year={1985},
  publisher={MIT Press},
  address={Cambridge, MA},
  note={ISBN: 978-0-262-08153-5, DOI: 10.7551/mitpress/4737.001.0001}
}

@book{Hofstadter2007,
  title={I Am a Strange Loop},
  author={Hofstadter, Douglas R.},
  year={2007},
  publisher={Basic Books},
  address={New York},
  note={ISBN: 978-0-465-03078-1, DOI: 10.2307/j.ctv1b9f5xk}
}

@book{Maturana1987,
  title={The Tree of Knowledge: The Biological Roots of Human Understanding},
  author={Maturana, Humberto R. and Varela, Francisco J.},
  year={1987},
  publisher={New Science Library},
  address={Boston},
  note={ISBN: 978-0-87773-373-7, DOI: 10.2307/2076551}
}

@book{Moschovakis2006,
  title={Notes on Set Theory},
  author={Moschovakis, Yiannis N.},
  edition={2nd},
  year={2006},
  publisher={Springer},
  address={New York},
  note={ISBN: 978-0-387-40272-7, DOI: 10.1007/978-0-387-68414-7}
}

@book{Putnam1988,
  title={Representation and Reality},
  author={Putnam, Hilary},
  year={1988},
  publisher={MIT Press},
  address={Cambridge, MA},
  note={ISBN: 978-0-262-16163-3, DOI: 10.7551/mitpress/4737.001.0001}
}

@article{Scott1976,
  title={Data types as lattices},
  author={Scott, Dana S.},
  journal={SIAM Journal on Computing},
  volume={5},
  number={3},
  pages={522--587},
  year={1976},
  publisher={Society for Industrial and Applied Mathematics},
  note={DOI: 10.1137/0205049}
}

@article{Tononi1994,
  title={A measure for brain complexity: relating functional segregation and integration in the nervous system},
  author={Tononi, Giulio and Sporns, Olaf and Edelman, Gerald M.},
  journal={Proceedings of the National Academy of Sciences},
  volume={91},
  number={11},
  pages={5033--5037},
  year={1994},
  publisher={National Academy of Sciences},
  note={DOI: 10.1073/pnas.91.11.5033}
}

@book{Varela1979,
  title={Principles of Biological Autonomy},
  author={Varela, Francisco J.},
  year={1979},
  publisher={North Holland},
  address={New York},
  note={ISBN: 978-0-444-85325-7, DOI: 10.1016/C2009-0-26411-1}
}

@book{Wirth1986,
  title={Algorithms and Data Structures},
  author={Wirth, Niklaus},
  year={1986},
  publisher={Prentice Hall},
  address={Englewood Cliffs, NJ},
  note={ISBN: 978-0-13-022005-9, URL: https://www.pearson.com/store/p/algorithms-and-data-structures/P100000306307}
}