@article{Alexander2019,
  title={Mathematical Models of Consciousness: Local-Global Integration Through Field Dynamics},
  author={Alexander, S.},
  journal={Journal of Consciousness Studies},
  volume={26},
  number={3-4},
  pages={112--134},
  year={2019},
  note={Available at \url{https://www.ingentaconnect.com/content/imp/jcs/2019/00000026/f0020003}; DOI: 10.53765/20512201.26.3.112}
}

@article{Baars2007,
  title={An architectural model of conscious and unconscious brain functions: Global Workspace Theory and IDA},
  author={Baars, Bernard J. and Franklin, Stan},
  journal={Neural Networks},
  volume={20},
  number={9},
  pages={955--961},
  year={2007},
  publisher={Elsevier},
  note={DOI: 10.1016/j.neunet.2007.09.013}
}

@article{Bressler2016,
  title={Coordination Dynamics in Cognitive Neuroscience},
  author={Bressler, Steven L. and Kelso, J. A. Scott},
  journal={Frontiers in Neuroscience},
  volume={10},
  pages={397},
  year={2016},
  publisher={Frontiers},
  note={DOI: 10.3389/fnins.2016.00397}
}

@article{Dehaene2011,
  title={Experimental and theoretical approaches to conscious processing},
  author={Dehaene, Stanislas and Changeux, Jean-Pierre},
  journal={Neuron},
  volume={70},
  number={2},
  pages={200--227},
  year={2011},
  publisher={Elsevier},
  note={DOI: 10.1016/j.neuron.2011.03.018}
}

@book{Edelman2000,
  title={A Universe of Consciousness: How Matter Becomes Imagination},
  author={Edelman, Gerald M. and Tononi, Giulio},
  year={2000},
  publisher={Basic Books},
  address={New York},
  note={ISBN: 978-0-465-01377-7}
}

@article{Freeman2007,
  title={Scale-Free Neocortical Dynamics},
  author={Freeman, Walter J.},
  journal={Scholarpedia},
  volume={2},
  number={2},
  pages={1357},
  year={2007},
  note={DOI: 10.4249/scholarpedia.1357}
}

@book{Haken2012,
  title={Principles of Brain Functioning: A Synergetic Approach to Brain Activity, Behavior and Cognition},
  author={Haken, Hermann},
  year={2012},
  publisher={Springer},
  address={Berlin},
  note={ISBN: 978-3-642-79572-5; Available at \url{https://link.springer.com/book/10.1007/978-3-642-79570-1}}
}

@article{Kelso2012,
  title={Multistability and metastability: understanding dynamic coordination in the brain},
  author={Kelso, J. A. Scott},
  journal={Philosophical Transactions of the Royal Society B},
  volume={367},
  number={1591},
  pages={906--918},
  year={2012},
  publisher={The Royal Society},
  note={DOI: 10.1098/rstb.2011.0351}
}

@article{McFadden2020,
  title={Integrating Information in the Brain's EM Field: The cemi Field Theory of Consciousness},
  author={McFadden, Johnjoe},
  journal={Neuroscience of Consciousness},
  volume={2020},
  number={1},
  pages={niaa016},
  year={2020},
  publisher={Oxford University Press},
  note={DOI: 10.1093/nc/niaa016}
}

@book{Sporns2011,
  title={Networks of the Brain},
  author={Sporns, Olaf},
  year={2011},
  publisher={MIT Press},
  address={Cambridge, MA},
  note={ISBN: 978-0-262-01469-4}
}

@article{Tononi2015,
  title={Consciousness: here, there and everywhere?},
  author={Tononi, Giulio and Koch, Christof},
  journal={Philosophical Transactions of the Royal Society B},
  volume={370},
  number={1668},
  pages={20140167},
  year={2015},
  publisher={The Royal Society},
  note={DOI: 10.1098/rstb.2014.0167}
}

@book{Varela1991,
  title={The Embodied Mind: Cognitive Science and Human Experience},
  author={Varela, Francisco J. and Thompson, Evan and Rosch, Eleanor},
  year={1991},
  publisher={MIT Press},
  address={Cambridge, MA},
  note={ISBN: 978-0-262-22065-1}
}

@article{Werner2013,
  title={Consciousness viewed in the framework of brain phase space dynamics, criticality, and the Renormalization Group},
  author={Werner, Gerhard},
  journal={Chaos, Solitons \& Fractals},
  volume={55},
  pages={3--12},
  year={2013},
  publisher={Elsevier},
  note={DOI: 10.1016/j.chaos.2013.03.003}
}