@book{Aaronson2013,
  title={Quantum Computing Since Democritus},
  author={Aaronson, Scott},
  year={2013},
  publisher={Cambridge University Press},
  address={Cambridge},
  note={ISBN: 978-0-521-19956-8; Available at \url{https://www.cambridge.org/core/books/quantum-computing-since-democritus/197A4CD13738E10AAD787DBB78D8E92C}}
}

@article{Adriaans2013,
  title={Information},
  author={Adriaans, Pieter},
  journal={Stanford Encyclopedia of Philosophy},
  year={2013},
  publisher={Stanford University},
  note={Available at \url{https://plato.stanford.edu/entries/information/}}
}

@article{Chalmers2011,
  title={A Computational Foundation for the Study of Cognition},
  author={Chalmers, David J.},
  journal={Journal of Cognitive Science},
  volume={12},
  number={4},
  pages={323--357},
  year={2011},
  note={DOI: 10.17791/jcs.2011.12.4.325}
}

@article{Copeland2017,
  title={The Church-Turing Thesis},
  author={Copeland, B. Jack},
  journal={Stanford Encyclopedia of Philosophy},
  year={2017},
  publisher={Stanford University},
  note={Available at \url{https://plato.stanford.edu/entries/church-turing/}}
}

@book{Deutsch2011,
  title={The Beginning of Infinity: Explanations That Transform the World},
  author={Deutsch, David},
  year={2011},
  publisher={Allen Lane},
  address={London},
  note={ISBN: 978-0-713-99918-1}
}

@article{Fodor1981,
  title={The Mind-Body Problem},
  author={Fodor, Jerry A.},
  journal={Scientific American},
  volume={244},
  number={1},
  pages={114--123},
  year={1981},
  note={DOI: 10.1038/scientificamerican0181-114}
}

@article{Landauer1996,
  title={The Physical Nature of Information},
  author={Landauer, Rolf},
  journal={Physics Letters A},
  volume={217},
  number={4-5},
  pages={188--193},
  year={1996},
  note={DOI: 10.1016/0375-9601(96)00453-7}
}

@article{MacLennan2004,
  title={Natural Computation and Non-Turing Models of Computation},
  author={MacLennan, Bruce J.},
  journal={Theoretical Computer Science},
  volume={317},
  number={1-3},
  pages={115--145},
  year={2004},
  note={DOI: 10.1016/j.tcs.2003.12.009}
}

@book{Piccinini2015,
  title={Physical Computation: A Mechanistic Account},
  author={Piccinini, Gualtiero},
  year={2015},
  publisher={Oxford University Press},
  address={Oxford},
  note={ISBN: 978-0-19-965885-5}
}

@article{Searle1990,
  title={Is the Brain a Digital Computer?},
  author={Searle, John R.},
  journal={Proceedings and Addresses of the American Philosophical Association},
  volume={64},
  number={3},
  pages={21--37},
  year={1990},
  note={DOI: 10.2307/3130071}
}

@article{Siegelmann2003,
  title={Neural and Super-Turing Computing},
  author={Siegelmann, Hava T.},
  journal={Minds and Machines},
  volume={13},
  number={1},
  pages={103--114},
  year={2003},
  note={DOI: 10.1023/A:1022947419871}
}

@incollection{Smith2002,
  title={The Foundations of Computing},
  author={Smith, Brian Cantwell},
  booktitle={Computationalism: New Directions},
  editor={Scheutz, Matthias},
  pages={23--58},
  year={2002},
  publisher={MIT Press},
  address={Cambridge, MA},
  note={ISBN: 978-0-262-19474-7}
}

@article{Turing1936,
  title={On Computable Numbers, with an Application to the Entscheidungsproblem},
  author={Turing, Alan M.},
  journal={Proceedings of the London Mathematical Society},
  volume={42},
  number={2},
  pages={230--265},
  year={1936},
  note={DOI: 10.1112/plms/s2-42.1.230}
}

@article{vanGelder1995,
  title={What Might Cognition Be, If Not Computation?},
  author={van Gelder, Tim},
  journal={The Journal of Philosophy},
  volume={92},
  number={7},
  pages={345--381},
  year={1995},
  note={DOI: 10.2307/2941061}
}

@incollection{Wheeler1990,
  title={Information, Physics, Quantum: The Search for Links},
  author={Wheeler, John Archibald},
  booktitle={Complexity, Entropy, and the Physics of Information},
  editor={Zurek, Wojciech Hubert},
  pages={3--28},
  year={1990},
  publisher={Addison-Wesley},
  address={Redwood City, CA},
  note={ISBN: 978-0-201-51509-1}
}