@article{Attwell2001,
  title={An energy budget for signaling in the grey matter of the brain},
  author={Attwell, David and Laughlin, Simon B.},
  journal={Journal of Cerebral Blood Flow \& Metabolism},
  volume={21},
  number={10},
  pages={1133--1145},
  year={2001},
  note={DOI: 10.1097/00004647-200110000-00001}
}

@article{Berndt2012,
  title={Bioenergetic consequences of metabolic compartmentation in neural cells},
  author={Berndt, Nikolaus and Bulik, Sascha and Holzh{\"u}tter, Hermann-Georg},
  journal={Journal of Biological Chemistry},
  volume={287},
  number={14},
  pages={11196--11206},
  year={2012},
  note={DOI: 10.1074/jbc.M111.312652}
}

@article{DiNuzzo2017,
  title={Brain energetics during the sleep-wake cycle},
  author={DiNuzzo, Mauro and Nedergaard, Maiken},
  journal={Current Opinion in Neurobiology},
  volume={47},
  pages={65--72},
  year={2017},
  note={DOI: 10.1016/j.conb.2017.09.010}
}

@article{Harris2012,
  title={Synaptic energy use and supply},
  author={Harris, Julia J. and Jolivet, Renaud and Attwell, David},
  journal={Neuron},
  volume={75},
  number={5},
  pages={762--777},
  year={2012},
  note={DOI: 10.1016/j.neuron.2012.08.019}
}

@article{Hertz2007,
  title={Energy metabolism in astrocytes: high rate of oxidative metabolism and spatiotemporal dependence on glycolysis/glycogenolysis},
  author={Hertz, Leif and Peng, Liang and Dienel, Gerald A.},
  journal={Journal of Cerebral Blood Flow \& Metabolism},
  volume={27},
  number={2},
  pages={219--249},
  year={2007},
  note={DOI: 10.1038/sj.jcbfm.9600343}
}

@article{Magistretti2015,
  title={A cellular perspective on brain energy metabolism and functional imaging},
  author={Magistretti, Pierre J. and Allaman, Ina},
  journal={Neuron},
  volume={86},
  number={4},
  pages={883--901},
  year={2015},
  note={DOI: 10.1016/j.neuron.2015.03.035}
}

@article{Mitchell1961,
  title={Coupling of phosphorylation to electron and hydrogen transfer by a chemi-osmotic type of mechanism},
  author={Mitchell, Peter},
  journal={Nature},
  volume={191},
  number={4784},
  pages={144--148},
  year={1961},
  note={DOI: 10.1038/191144a0}
}

@book{Nicholls2013,
  title={Bioenergetics},
  author={Nicholls, David G. and Ferguson, Stuart J.},
  edition={4th},
  year={2013},
  publisher={Academic Press},
  address={London},
  note={ISBN: 978-0-12-388425-1}
}

@article{Pellerin2012,
  title={Sweet sixteen for ANLS},
  author={Pellerin, Luc and Magistretti, Pierre J.},
  journal={Journal of Cerebral Blood Flow \& Metabolism},
  volume={32},
  number={7},
  pages={1152--1166},
  year={2012},
  note={DOI: 10.1038/jcbfm.2011.149}
}

@article{Rolfe1997,
  title={Cellular energy utilization and molecular origin of standard metabolic rate in mammals},
  author={Rolfe, David F. S. and Brown, Guy C.},
  journal={Physiological Reviews},
  volume={77},
  number={3},
  pages={731--758},
  year={1997},
  note={DOI: 10.1152/physrev.1997.77.3.731}
}

@article{Shulman2004,
  title={Energetic basis of brain activity: implications for neuroimaging},
  author={Shulman, Robert G. and Rothman, Douglas L. and Behar, Kevin L. and Hyder, Fahmeed},
  journal={Trends in Neurosciences},
  volume={27},
  number={8},
  pages={489--495},
  year={2004},
  note={DOI: 10.1016/j.tins.2004.06.005}
}

@article{Szablewski2017,
  title={Brain glucose transporters: role in glucose homeostasis and hot spots in brain pathology},
  author={Szablewski, Leszek},
  journal={Neurochemistry International},
  volume={107},
  pages={32--48},
  year={2017},
  note={DOI: 10.1016/j.neuint.2017.02.018}
}