@article{Bassett2017,
  title={Network neuroscience},
  author={Bassett, Danielle S. and Sporns, Olaf},
  journal={Nature Neuroscience},
  volume={20},
  number={3},
  pages={353--364},
  year={2017},
  note={DOI: 10.1038/nn.4502}
}

@book{Braitenberg1998,
  title={Cortex: Statistics and Geometry of Neuronal Connectivity},
  author={Braitenberg, Valentino and Sch{\"u}z, Almut},
  edition={2nd},
  year={1998},
  publisher={Springer},
  address={Berlin},
  note={DOI: 10.1007/978-3-662-03733-1}
}

@book{Buzsaki2006,
  title={Rhythms of the Brain},
  author={Buzs{\'a}ki, Gy{\"o}rgy},
  year={2006},
  publisher={Oxford University Press},
  address={New York},
  note={ISBN: 978-0-19-530106-9}
}

@article{DeFelipe2011,
  title={The evolution of the brain, the human nature of cortical circuits, and intellectual creativity},
  author={DeFelipe, Javier},
  journal={Frontiers in Neuroanatomy},
  volume={5},
  pages={29},
  year={2011},
  note={DOI: 10.3389/fnana.2011.00029}
}

@article{Douglas2004,
  title={Neuronal circuits of the neocortex},
  author={Douglas, Rodney J. and Martin, Kevan A. C.},
  journal={Annual Review of Neuroscience},
  volume={27},
  pages={419--451},
  year={2004},
  note={DOI: 10.1146/annurev.neuro.27.070203.144152}
}

@article{Harris2015,
  title={The neocortical circuit: Themes and variations},
  author={Harris, Kenneth D. and Shepherd, Gordon M. G.},
  journal={Nature Neuroscience},
  volume={18},
  number={2},
  pages={170--181},
  year={2015},
  note={DOI: 10.1038/nn.3917}
}

@article{Hilgetag2020,
  title={Evolution of the brain's network architecture},
  author={Hilgetag, Claus C. and Goulas, Alexandros},
  journal={Nature Reviews Neuroscience},
  volume={21},
  number={10},
  pages={561--578},
  year={2020},
  note={DOI: 10.1038/s41583-020-0362-0}
}

@article{Kasthuri2015,
  title={Saturated reconstruction of a volume of neocortex},
  author={Kasthuri, Narayanan and Hayworth, Kenneth J. and Berger, Daniel R. and Schalek, Richard L. and Conchello, Jos{\'e} A. and Knowles-Barley, Seymour and Lee, Daniel and V{\'a}zquez-Reina, Amelio and Kaynig, Verena and Jones, Thouis R. and others},
  journal={Cell},
  volume={162},
  number={3},
  pages={648--661},
  year={2015},
  note={DOI: 10.1016/j.cell.2015.06.054}
}

@article{Markram2015,
  title={Reconstruction and simulation of neocortical microcircuitry},
  author={Markram, Henry and Muller, Eilif and Ramaswamy, Srikanth and Reimann, Michael W. and Abdellah, Marwan and Sanchez, Carlos Aguado and Ailamaki, Anastasia and Alonso-Nanclares, Lidia and Antille, Nicolas and Arsever, Selim and others},
  journal={Cell},
  volume={163},
  number={2},
  pages={456--492},
  year={2015},
  note={DOI: 10.1016/j.cell.2015.09.029}
}

@article{Mountcastle1997,
  title={The columnar organization of the neocortex},
  author={Mountcastle, Vernon B.},
  journal={Brain},
  volume={120},
  number={4},
  pages={701--722},
  year={1997},
  note={DOI: 10.1093/brain/120.4.701}
}

@book{Peters1984,
  title={Cerebral Cortex: Volume 1: Cellular Components of the Cerebral Cortex},
  editor={Peters, Alan and Jones, Edward G.},
  year={1984},
  publisher={Springer},
  address={Boston, MA},
  note={DOI: 10.1007/978-1-4615-7578-6}
}

@article{Rockland2020,
  title={What we can learn from the complex architecture of single neurons},
  author={Rockland, Kathleen S.},
  journal={Brain Structure and Function},
  volume={225},
  number={3},
  pages={1073--1082},
  year={2020},
  note={DOI: 10.1007/s00429-020-02096-4}
}

@book{Sporns2011,
  title={Networks of the Brain},
  author={Sporns, Olaf},
  year={2011},
  publisher={MIT Press},
  address={Cambridge, MA},
  note={ISBN: 978-0-262-52898-5}
}

@article{VanEssen2018,
  title={Parcellating cerebral cortex: How invasive animal studies inform noninvasive mapmaking in humans},
  author={Van Essen, David C. and Glasser, Matthew F.},
  journal={Neuron},
  volume={99},
  number={4},
  pages={640--663},
  year={2018},
  note={DOI: 10.1016/j.neuron.2018.07.002}
}

@article{vonBartheld2016,
  title={The search for true numbers of neurons and glial cells in the human brain: A review of 150 years of cell counting},
  author={von Bartheld, Christopher S. and Bahney, Jennifer and Herculano-Houzel, Suzana},
  journal={Journal of Comparative Neurology},
  volume={524},
  number={18},
  pages={3865--3895},
  year={2016},
  note={DOI: 10.1002/cne.24040}
}

@article{Zeng2017,
  title={Neuronal cell-type classification: Challenges, opportunities and the path forward},
  author={Zeng, Hongkui and Sanes, Joshua R.},
  journal={Nature Reviews Neuroscience},
  volume={18},
  number={9},
  pages={530--546},
  year={2017},
  note={DOI: 10.1038/nrn.2017.85}
}