@article{Basar2013,
  title={Brain oscillations in neuropsychiatric disease},
  author={Başar, Erol},
  journal={Dialogues in Clinical Neuroscience},
  volume={15},
  number={3},
  pages={291--300},
  year={2013},
  note={DOI: 10.31887/DCNS.2013.15.3/ebasar}
}

@book{Buzsaki2006,
  title={Rhythms of the Brain},
  author={Buzsáki, György},
  year={2006},
  publisher={Oxford University Press},
  address={New York},
  note={ISBN: 978-0-19-530106-9}
}

@article{Buzsaki2004,
  title={Neuronal oscillations in cortical networks},
  author={Buzsáki, György and Draguhn, Andreas},
  journal={Science},
  volume={304},
  number={5679},
  pages={1926--1929},
  year={2004},
  note={DOI: 10.1126/science.1099745}
}

@article{Canolty2010,
  title={The functional role of cross-frequency coupling},
  author={Canolty, Ryan T. and Knight, Robert T.},
  journal={Trends in Cognitive Sciences},
  volume={14},
  number={11},
  pages={506--515},
  year={2010},
  note={DOI: 10.1016/j.tics.2010.09.001}
}

@article{Engel2001,
  title={Dynamic predictions: Oscillations and synchrony in top-down processing},
  author={Engel, Andreas K. and Fries, Pascal and Singer, Wolf},
  journal={Nature Reviews Neuroscience},
  volume={2},
  number={10},
  pages={704--716},
  year={2001},
  note={DOI: 10.1038/35094565}
}

@article{Fries2015,
  title={Rhythms for cognition: Communication through coherence},
  author={Fries, Pascal},
  journal={Neuron},
  volume={88},
  number={1},
  pages={220--235},
  year={2015},
  note={DOI: 10.1016/j.neuron.2015.09.034}
}

@article{Jensen2007,
  title={Cross-frequency coupling between neuronal oscillations},
  author={Jensen, Ole and Colgin, Laura L.},
  journal={Trends in Cognitive Sciences},
  volume={11},
  number={7},
  pages={267--269},
  year={2007},
  note={DOI: 10.1016/j.tics.2007.05.003}
}

@article{Kahana2001,
  title={Theta returns},
  author={Kahana, Michael J. and Seelig, Donald and Madsen, Joseph R.},
  journal={Current Opinion in Neurobiology},
  volume={11},
  number={6},
  pages={739--744},
  year={2001},
  note={DOI: 10.1016/S0959-4388(01)00280-1}
}

@article{Lisman2013,
  title={The theta-gamma neural code},
  author={Lisman, John E. and Jensen, Ole},
  journal={Neuron},
  volume={77},
  number={6},
  pages={1002--1016},
  year={2013},
  note={DOI: 10.1016/j.neuron.2013.03.007}
}

@article{Nyhus2010,
  title={Functional role of gamma and theta oscillations in episodic memory},
  author={Nyhus, Erika and Curran, Tim},
  journal={Neuroscience \& Biobehavioral Reviews},
  volume={34},
  number={7},
  pages={1023--1035},
  year={2010},
  note={DOI: 10.1016/j.neubiorev.2009.12.014}
}

@article{Palva2012,
  title={Discovering oscillatory interaction networks with M/EEG: Challenges and breakthroughs},
  author={Palva, Satu and Palva, J. Matias},
  journal={Trends in Cognitive Sciences},
  volume={16},
  number={4},
  pages={219--230},
  year={2012},
  note={DOI: 10.1016/j.tics.2012.02.004}
}

@article{Singer2018,
  title={Neuronal oscillations: Unavoidable and useful?},
  author={Singer, Wolf},
  journal={European Journal of Neuroscience},
  volume={48},
  number={7},
  pages={2389--2398},
  year={2018},
  note={DOI: 10.1111/ejn.14196}
}

@article{Steriade2006,
  title={Grouping of brain rhythms in corticothalamic systems},
  author={Steriade, Mircea},
  journal={Neuroscience},
  volume={137},
  number={4},
  pages={1087--1106},
  year={2006},
  note={DOI: 10.1016/j.neuroscience.2005.10.029}
}

@article{Uhlhaas2010,
  title={Abnormal neural oscillations and synchrony in schizophrenia},
  author={Uhlhaas, Peter J. and Singer, Wolf},
  journal={Nature Reviews Neuroscience},
  volume={11},
  number={2},
  pages={100--113},
  year={2010},
  note={DOI: 10.1038/nrn2774}
}

@article{Varela2001,
  title={The brainweb: Phase synchronization and large-scale integration},
  author={Varela, Francisco and Lachaux, Jean-Philippe and Rodriguez, Emmanuel and Martinerie, Jacques},
  journal={Nature Reviews Neuroscience},
  volume={2},
  number={4},
  pages={229--239},
  year={2001},
  note={DOI: 10.1038/35067550}
}

@article{Wang2010,
  title={Neurophysiological and computational principles of cortical rhythms in cognition},
  author={Wang, Xiao-Jing},
  journal={Physiological Reviews},
  volume={90},
  number={3},
  pages={1195--1268},
  year={2010},
  note={DOI: 10.1152/physrev.00035.2008}
}

@article{Ward2003,
  title={Synchronous neural oscillations and cognitive processes},
  author={Ward, Lawrence M.},
  journal={Trends in Cognitive Sciences},
  volume={7},
  number={12},
  pages={553--559},
  year={2003},
  note={DOI: 10.1016/j.tics.2003.10.012}
}
