
@article{Araque2014,
  title={Gliotransmitters travel in time and space},
  author={Araque, Alfonso and Carmignoto, Giorgio and Haydon, Philip G. and Oliet, Stéphane H.R. and Robitaille, Richard and Volterra, Andrea},
  journal={Neuron},
  volume={81},
  number={4},
  pages={728--739},
  year={2014},
  note={DOI: 10.1016/j.neuron.2014.02.007}
}

@article{Bazargani2016,
  title={Astrocyte calcium signaling: The third wave},
  author={Bazargani, Narges and Attwell, David},
  journal={Nature Neuroscience},
  volume={19},
  number={2},
  pages={182--189},
  year={2016},
  note={DOI: 10.1038/nn.4201}
}

@article{Bellot-Saez2017,
  title={Astrocytic modulation of neuronal excitability through K$^+$ spatial buffering},
  author={Bellot-Saez, Armando and Kékesi, Orsolya and Morley, John W. and Buskila, Yossi},
  journal={Neuroscience \& Biobehavioral Reviews},
  volume={77},
  pages={87--97},
  year={2017},
  note={DOI: 10.1016/j.neubiorev.2017.03.002}
}

@article{Giaume2010,
  title={Astroglial networks: A step further in neuroglial and gliovascular interactions},
  author={Giaume, Christian and Koulakoff, Alain and Roux, Laurent and Holcman, David and Rouach, Nathalie},
  journal={Nature Reviews Neuroscience},
  volume={11},
  number={2},
  pages={87--99},
  year={2010},
  note={DOI: 10.1038/nrn2757}
}

@article{Halassa2010,
  title={Integrated brain circuits: Astrocytic networks modulate neuronal activity and behavior},
  author={Halassa, Michael M. and Haydon, Philip G.},
  journal={Annual Review of Physiology},
  volume={72},
  pages={335--355},
  year={2010},
  note={DOI: 10.1146/annurev-physiol-021909-135843}
}

@article{Khakh2015,
  title={Diversity of astrocyte functions and phenotypes in neural circuits},
  author={Khakh, Baljit S. and Sofroniew, Michael V.},
  journal={Nature Neuroscience},
  volume={18},
  number={7},
  pages={942--952},
  year={2015},
  note={DOI: 10.1038/nn.4043}
}

@article{Nagy2000,
  title={Connexins and gap junctions of astrocytes and oligodendrocytes in the CNS},
  author={Nagy, James I. and Rash, John E.},
  journal={Brain Research Reviews},
  volume={32},
  number={1},
  pages={29--44},
  year={2000},
  note={DOI: 10.1016/S0165-0173(99)00066-3}
}

@article{Nedergaard2003,
  title={New roles for astrocytes: Redefining the functional architecture of the brain},
  author={Nedergaard, Maiken and Ransom, Bruce R. and Goldman, Steven A.},
  journal={Trends in Neurosciences},
  volume={26},
  number={10},
  pages={523--530},
  year={2003},
  note={DOI: 10.1016/j.tins.2003.08.008}
}

@article{Oberheim2012,
  title={Heterogeneity of astrocytic form and function},
  author={Oberheim, Nancy Ann and Goldman, Steven A. and Nedergaard, Maiken},
  journal={Methods in Molecular Biology},
  volume={814},
  pages={23--45},
  year={2012},
  note={DOI: 10.1007/978-1-61779-452-0\_3}
}

@article{Parpura2012,
  title={Homeostatic function of astrocytes: Ca$^{2+}$ and Na$^+$ signalling},
  author={Parpura, Vladimir and Verkhratsky, Alexei},
  journal={Translational Neuroscience},
  volume={3},
  number={4},
  pages={334--344},
  year={2012},
  note={DOI: 10.2478/s13380-012-0046-4}
}

@article{Poskanzer2016,
  title={Astrocytes regulate cortical state switching in vivo},
  author={Poskanzer, Kira E. and Yuste, Rafael},
  journal={Proceedings of the National Academy of Sciences},
  volume={113},
  number={19},
  pages={E2675--E2684},
  year={2016},
  note={DOI: 10.1073/pnas.1520759113}
}

@article{Rusakov2015,
  title={Disentangling calcium-driven astrocyte physiology},
  author={Rusakov, Dmitri A.},
  journal={Nature Reviews Neuroscience},
  volume={16},
  number={4},
  pages={226--233},
  year={2015},
  note={DOI: 10.1038/nrn3878}
}

@article{Verkhratsky2018,
  title={Physiology of astroglia},
  author={Verkhratsky, Alexei and Nedergaard, Maiken},
  journal={Physiological Reviews},
  volume={98},
  number={1},
  pages={239--389},
  year={2018},
  note={DOI: 10.1152/physrev.00042.2016}
}

@article{Volterra2005,
  title={Astrocytes, from brain glue to communication elements: The revolution continues},
  author={Volterra, Andrea and Meldolesi, Jacopo},
  journal={Nature Reviews Neuroscience},
  volume={6},
  number={8},
  pages={626--640},
  year={2005},
  note={DOI: 10.1038/nrn1722}
}

@article{Wallraff2006,
  title={The impact of astrocytic gap junctional coupling on potassium buffering in the hippocampus},
  author={Wallraff, Anja and Köhling, Rolf and Heinemann, Uwe and Theis, Markus and Willecke, Klaus and Steinhäuser, Christian},
  journal={Journal of Neuroscience},
  volume={26},
  number={20},
  pages={5438--5447},
  year={2006},
  note={DOI: 10.1523/JNEUROSCI.0037-06.2006}
}