@article{Bandtlow2000,
  title={Proteoglycans in the developing brain: new conceptual insights for old proteins},
  author={Bandtlow, Christine E. and Zimmermann, Dieter R.},
  journal={Physiological Reviews},
  volume={80},
  number={4},
  pages={1267--1290},
  year={2000},
  note={DOI: 10.1152/physrev.2000.80.4.1267}
}

@article{Barros2011,
  title={Extracellular matrix: functions in the nervous system},
  author={Barros, Claudia S. and Franco, Santos J. and M{\"u}ller, Ulrich},
  journal={Cold Spring Harbor Perspectives in Biology},
  volume={3},
  number={1},
  pages={a005108},
  year={2011},
  note={DOI: 10.1101/cshperspect.a005108}
}

@article{Burnside2014,
  title={Review: Manipulating the extracellular matrix and its role in brain and spinal cord plasticity and repair},
  author={Burnside, Emma R. and Bradbury, Elizabeth J.},
  journal={Neuropathology and Applied Neurobiology},
  volume={40},
  number={1},
  pages={26--59},
  year={2014},
  note={DOI: 10.1111/nan.12110}
}

@article{Dityatev2003,
  title={Extracellular matrix molecules and synaptic plasticity},
  author={Dityatev, Alexander and Schachner, Melitta},
  journal={Nature Reviews Neuroscience},
  volume={4},
  number={6},
  pages={456--468},
  year={2003},
  note={DOI: 10.1038/nrn1115}
}

@article{Dityatev2010,
  title={The dual role of the extracellular matrix in synaptic plasticity and homeostasis},
  author={Dityatev, Alexander and Schachner, Melitta and Sonderegger, Peter},
  journal={Nature Reviews Neuroscience},
  volume={11},
  number={11},
  pages={735--746},
  year={2010},
  note={DOI: 10.1038/nrn2898}
}

@article{Ferrer-Ferrer2018,
  title={Shaping synapses by the neural extracellular matrix},
  author={Ferrer-Ferrer, Mariona and Dityatev, Alexander},
  journal={Frontiers in Neuroanatomy},
  volume={12},
  pages={40},
  year={2018},
  note={DOI: 10.3389/fnana.2018.00040}
}

@article{Frischknecht2012,
  title={The brain's extracellular matrix and its role in synaptic plasticity},
  author={Frischknecht, Renato and Gundelfinger, Eckart D.},
  journal={Advances in Experimental Medicine and Biology},
  volume={970},
  pages={153--171},
  year={2012},
  note={DOI: 10.1007/978-3-7091-0932-8\_7}
}

@article{Hrabetova2009,
  title={Calcium diffusion enhanced after cleavage of negatively charged components of brain extracellular matrix},
  author={Hrabětová, S. and Masri, D. and Tao, L. and Xiao, F. and Nicholson, C.},
  journal={The Journal of Physiology},
  volume={587},
  number={16},
  pages={4029--4049},
  year={2009},
  note={DOI: 10.1113/jphysiol.2009.172494}
}

@article{Kwok2011,
  title={Extracellular matrix and perineuronal nets in CNS repair},
  author={Kwok, Jessica C. F. and Dick, Guillaume and Wang, Da and Fawcett, James W.},
  journal={Developmental Neurobiology},
  volume={71},
  number={11},
  pages={1073--1089},
  year={2011},
  note={DOI: 10.1002/dneu.20974}
}

@article{Nicholson1998,
  title={Extracellular space structure revealed by diffusion analysis},
  author={Nicholson, Charles and Syková, Eva},
  journal={Trends in Neurosciences},
  volume={21},
  number={5},
  pages={207--215},
  year={1998},
  note={DOI: 10.1016/S0166-2236(98)01261-2}
}

@article{Ruoslahti1996,
  title={Brain extracellular matrix},
  author={Ruoslahti, Erkki},
  journal={Glycobiology},
  volume={6},
  number={5},
  pages={489--492},
  year={1996},
  note={DOI: 10.1093/glycob/6.5.489}
}

@article{Song2018,
  title={Crosstalk between glia, extracellular matrix and neurons},
  author={Song, Inseon and Dityatev, Alexander},
  journal={Brain Research Bulletin},
  volume={136},
  pages={101--108},
  year={2018},
  note={DOI: 10.1016/j.brainresbull.2017.02.001}
}

@article{Sykova2008,
  title={Diffusion in brain extracellular space},
  author={Syková, Eva and Nicholson, Charles},
  journal={Physiological Reviews},
  volume={88},
  number={4},
  pages={1277--1340},
  year={2008},
  note={DOI: 10.1152/physrev.00027.2007}
}

@article{Vargova2014,
  title={Astrocytes and extracellular matrix in extrasynaptic volume transmission},
  author={Vargová, Lucia and Syková, Eva},
  journal={Philosophical Transactions of the Royal Society B: Biological Sciences},
  volume={369},
  number={1654},
  pages={20130608},
  year={2014},
  note={DOI: 10.1098/rstb.2013.0608}
}

@article{Wang2012,
  title={The perineuronal net and the control of CNS plasticity},
  author={Wang, Da and Fawcett, James W.},
  journal={Cell and Tissue Research},
  volume={349},
  number={1},
  pages={147--160},
  year={2012},
  note={DOI: 10.1007/s00441-011-1246-y}
}

@article{Zimmermann2008,
  title={Extracellular matrix of the central nervous system: from neglect to challenge},
  author={Zimmermann, Dieter R. and Dours-Zimmermann, Maria Therese},
  journal={Histochemistry and Cell Biology},
  volume={130},
  number={4},
  pages={635--653},
  year={2008},
  note={DOI: 10.1007/s00418-008-0485-9}
}