@book{Arbib1998,
  title={Neural Organization: Structure, Function, and Dynamics},
  author={Arbib, Michael A. and Érdi, Péter and Szentágothai, János},
  year={1998},
  publisher={MIT Press},
  note={URL: https://mitpress.mit.edu/9780262526418/neural-organization/}
}

@article{Denk2004,
  title={Serial Block-Face Scanning Electron Microscopy to Reconstruct Three-Dimensional Tissue Nanostructure},
  author={Denk, Winfried and Horstmann, Heinz},
  journal={PLOS Biology},
  volume={2},
  number={11},
  pages={e329},
  year={2004},
  note={DOI: 10.1371/journal.pbio.0020329}
}

@article{Doron2017,
  title={Timed Synaptic Inhibition Shapes NMDA Spikes, Influencing Local Dendritic Processing and Global I/O Properties of Cortical Neurons},
  author={Doron, Michael and Chindemi, Giuseppe and Muller, Eilif and Markram, Henry and Segev, Idan},
  journal={Cell Reports},
  volume={21},
  number={6},
  pages={1550--1561},
  year={2017},
  note={DOI: 10.1016/j.celrep.2017.10.035}
}

@article{Haehn2014,
  title={Guided Proofreading of Automatic Segmentations for Connectomics},
  author={Haehn, Daniel and Kaynig, Verena and Tompkin, James and Lichtman, Jeff W. and Pfister, Hanspeter},
  journal={IEEE Transactions on Visualization and Computer Graphics},
  volume={20},
  number={12},
  pages={2466--2475},
  year={2014},
  note={DOI: 10.1109/TVCG.2014.2346321}
}

@article{Helmstaedter2013,
  title={Cellular-Resolution Connectomics: Challenges of Dense Neural Circuit Reconstruction},
  author={Helmstaedter, Moritz},
  journal={Nature Methods},
  volume={10},
  number={6},
  pages={501--507},
  year={2013},
  note={DOI: 10.1038/nmeth.2476}
}

@article{Kasthuri2015,
  title={Saturated Reconstruction of a Volume of Neocortex},
  author={Kasthuri, Narayanan and Hayworth, Kenneth J. and Berger, Daniel R. et al.},
  journal={Cell},
  volume={162},
  number={3},
  pages={648--661},
  year={2015},
  note={DOI: 10.1016/j.cell.2015.06.054}
}

@article{Korogod2015,
  title={Ultrastructural Analysis of Adult Mouse Neocortex Comparing Aldehyde Perfusion with Cryo Fixation},
  author={Korogod, Nikolay and Petersen, Carl C. H. and Knott, Graham W.},
  journal={eLife},
  volume={4},
  pages={e05793},
  year={2015},
  note={DOI: 10.7554/eLife.05793}
}

@article{Mishchenko2010,
  title={Ultrastructural Analysis of Hippocampal Neuropil from the Connectomics Perspective},
  author={Mishchenko, Yuriy and Hu, Tao and Spacek, Josef et al.},
  journal={Neuron},
  volume={67},
  number={6},
  pages={1009--1020},
  year={2010},
  note={DOI: 10.1016/j.neuron.2010.08.014}
}

@book{Peters1991,
  title={The Fine Structure of the Nervous System: Neurons and Their Supporting Cells},
  author={Peters, Alan and Palay, Sanford L.},
  edition={3rd},
  year={1991},
  publisher={Oxford University Press},
  note={URL: https://global.oup.com/academic/product/the-fine-structure-of-the-nervous-system-9780195065716}
}

@article{Savtchenko2014,
  title={Extracellular Diffusivity Determines Contribution of High-Versus Low-Affinity Receptors to Neural Signaling},
  author={Savtchenko, Leonid P. and Rusakov, Dmitri A.},
  journal={NeuroImage},
  volume={98},
  pages={186--196},
  year={2014},
  note={DOI: 10.1016/j.neuroimage.2014.04.074}
}

@article{Sorra2000,
  title={Overview on the Structure, Composition, Function, Development, and Plasticity of Hippocampal Dendritic Spines},
  author={Sorra, Kaori E. and Harris, Kristen M.},
  journal={Hippocampus},
  volume={10},
  number={5},
  pages={501--511},
  year={2000},
  note={DOI: 10.1002/1098-1063(2000)10:5<501::AID-HIPO7>3.0.CO;2-T}
}

@article{Sporns2005,
  title={The Human Connectome: A Structural Description of the Human Brain},
  author={Sporns, Olaf and Tononi, Giulio and Kötter, Rolf},
  journal={PLOS Computational Biology},
  volume={1},
  number={4},
  pages={e42},
  year={2005},
  note={DOI: 10.1371/journal.pcbi.0010042}
}

@article{Ventura1999,
  title={Three-Dimensional Relationships Between Hippocampal Synapses and Astrocytes},
  author={Ventura, Rafael and Harris, Kristen M.},
  journal={Journal of Neuroscience},
  volume={19},
  number={16},
  pages={6897--6906},
  year={1999},
  note={DOI: 10.1523/JNEUROSCI.19-16-06897.1999}
}

@article{White1986,
  title={The structure of the nervous system of the nematode Caenorhabditis elegans},
  author={White, J. G. and Southgate, E. and Thomson, J. N. and Brenner, S.},
  journal={Philosophical Transactions of the Royal Society of London B: Biological Sciences},
  volume={314},
  number={1165},
  pages={1--340},
  year={1986},
  note={DOI: 10.1098/rstb.1986.0056}
}