@article{Amunts2015,
  title={Architectonic mapping of the human brain beyond Brodmann},
  author={Amunts, Katrin and Zilles, Karl},
  journal={Neuron},
  volume={88},
  number={6},
  pages={1086--1107},
  year={2015},
  note={DOI: 10.1016/j.neuron.2015.12.001}
}

@article{Amunts2007,
  title={Cytoarchitecture of the cerebral cortex—more than localization},
  author={Amunts, Katrin and Schleicher, Axel and Zilles, Karl},
  journal={NeuroImage},
  volume={37},
  number={4},
  pages={1061--1065},
  year={2007},
  note={DOI: 10.1016/j.neuroimage.2007.05.027}
}

@book{Brodmann1909,
  title={Localisation in the cerebral cortex},
  author={Brodmann, Korbinian},
  year={1909},
  note={Translated by L. J. Garey, 1994, Smith-Gordon, URL: https://link.springer.com/book/10.1007/b138298}
}

@article{Eickhoff2018,
  title={Topographic organization of the cerebral cortex and brain cartography},
  author={Eickhoff, Simon B. and Constable, R. Todd and Yeo, B. T. Thomas},
  journal={NeuroImage},
  volume={170},
  pages={332--347},
  year={2018},
  note={DOI: 10.1016/j.neuroimage.2017.02.018}
}

@article{Fulcher2019,
  title={Multimodal gradients across mouse cortex},
  author={Fulcher, Ben D. and Murray, John D. and Zerbi, Valerio and Wang, Xiao-Jing},
  journal={Proceedings of the National Academy of Sciences},
  volume={116},
  number={10},
  pages={4689--4695},
  year={2019},
  note={DOI: 10.1073/pnas.1814144116}
}

@article{Glasser2016,
  title={A multi-modal parcellation of human cerebral cortex},
  author={Glasser, Matthew F. and Coalson, Timothy S. and Robinson, Emma C. et al.},
  journal={Nature},
  volume={536},
  number={7615},
  pages={171--178},
  year={2016},
  note={DOI: 10.1038/nature18933}
}

@article{Hawrylycz2012,
  title={An anatomically comprehensive atlas of the adult human brain transcriptome},
  author={Hawrylycz, Michael J. and Lein, Ed S. and Guillozet-Bongaarts, Angela L. et al.},
  journal={Nature},
  volume={489},
  number={7416},
  pages={391--399},
  year={2012},
  note={DOI: 10.1038/nature11405}
}

@article{Lake2018,
  title={Integrative single-cell analysis of transcriptional and epigenetic states in the human adult brain},
  author={Lake, Blue B. and Chen, Shan and Sos, Brandon C. et al.},
  journal={Nature Biotechnology},
  volume={36},
  number={1},
  pages={70--80},
  year={2018},
  note={DOI: 10.1038/nbt.4038}
}

@article{Palomero-Gallagher2019,
  title={Cortical layers: Cyto-, myelo-, receptor- and synaptic architecture in human cortical areas},
  author={Palomero-Gallagher, Nicola and Zilles, Karl},
  journal={NeuroImage},
  volume={197},
  pages={716--741},
  year={2019},
  note={DOI: 10.1016/j.neuroimage.2017.09.037}
}

@article{Passingham2002,
  title={The anatomical basis of functional localization in the cortex},
  author={Passingham, Richard E. and Stephan, Klaas E. and Kötter, Rolf},
  journal={Nature Reviews Neuroscience},
  volume={3},
  number={8},
  pages={606--616},
  year={2002},
  note={DOI: 10.1038/nrn893}
}

@article{Rakic2009,
  title={Evolution of the neocortex: A perspective from developmental biology},
  author={Rakic, Pasko},
  journal={Nature Reviews Neuroscience},
  volume={10},
  number={10},
  pages={724--735},
  year={2009},
  note={DOI: 10.1038/nrn2719}
}

@article{Scholtens2014,
  title={Linking contemporary high resolution magnetic resonance imaging to the von Economo legacy: A study on the comparison of MRI cortical thickness and histological measurements of cortical structure},
  author={Scholtens, Lianne H. and de Reus, Marcel A. and van den Heuvel, Martijn P.},
  journal={Human Brain Mapping},
  volume={35},
  number={5},
  pages={2229--2241},
  year={2014},
  note={DOI: 10.1002/hbm.22323}
}

@article{VanEssen2012,
  title={Cortical parcellations of the macaque monkey analyzed on surface-based atlases},
  author={Van Essen, David C. and Glasser, Matthew F. and Dierker, Donna L. and Harwell, John},
  journal={Cerebral Cortex},
  volume={22},
  number={10},
  pages={2227--2240},
  year={2012},
  note={DOI: 10.1093/cercor/bhr290}
}

@article{Vogt1919,
  title={Allgemeinere Ergebnisse unserer Hirnforschung},
  author={Vogt, Cécile and Vogt, Oskar},
  journal={Journal für Psychologie und Neurologie},
  volume={25},
  pages={279--461},
  year={1919},
  note={Reprinted in 1995}
}

@article{Zilles2010,
  title={Centenary of Brodmann's map—conception and fate},
  author={Zilles, Karl and Amunts, Katrin},
  journal={Nature Reviews Neuroscience},
  volume={11},
  number={2},
  pages={139--145},
  year={2010},
  note={DOI: 10.1038/nrn2776}
}



