@article{Angulo2022,
  title={Cell-type diversity and region-specific molecular fingerprints of the mammalian brain},
  author={Angulo, María Cecilia and Staiger, Jochen F.},
  journal={Nature Reviews Neuroscience},
  volume={23},
  number={4},
  pages={235--250},
  year={2022},
  note={DOI: 10.1038/s41583-022-00555-4}
}

@article{Bakken2021,
  title={Comparative cellular analysis of motor cortex in human, marmoset and mouse},
  author={Bakken, Trygve E. and Jorstad, Nikolas L. and Hu, Qiwen and Lake, Blue B. and Tian, Wei and Kalmbach, Brian E. and Crow, Michael and Hodge, Rebecca D. and Krienen, Fenna M. and Sorensen, Staci A. and others},
  journal={Nature},
  volume={598},
  number={7879},
  pages={111--119},
  year={2021},
  note={DOI: 10.1038/s41586-021-03465-8}
}

@article{Tasic2018,
  title={Shared and distinct transcriptomic cell types across neocortical areas},
  author={Tasic, Bosiljka and Yao, Zizhen and Graybuck, Lucas T. and Smith, Kimberly A. and Nguyen, Thuc Nghi and Bertagnolli, Dale and Goldy, Jeff and Garren, Eric and Economo, Michael N. and Viswanathan, Sree and others},
  journal={Nature},
  volume={563},
  number={7729},
  pages={72--78},
  year={2018},
  note={DOI: 10.1038/s41586-018-0654-5}
}

@article{Fishell2020,
  title={Interneuron types as attractors and controllers},
  author={Fishell, Gord and Kepecs, Adam},
  journal={Annual Review of Neuroscience},
  volume={43},
  pages={1--30},
  year={2020},
  note={DOI: 10.1146/annurev-neuro-070918-050421}
}

@article{Lake2016,
  title={Neuronal subtypes and diversity revealed by single-nucleus RNA sequencing of the human brain},
  author={Lake, Blue B. and Chen, Shan and Sos, Brandon C. and Fan, Jun and Kaeser, Gwendolyn E. and Yung, Yvonne C. and Duong, Tam E. and Gao, Dayong and Chun, Jerold and Kharchenko, Peter V. and others},
  journal={Science},
  volume={352},
  number={6293},
  pages={1586--1590},
  year={2016},
  note={DOI: 10.1126/science.aaf1204}
}

@article{Macosko2015,
  title={Highly parallel genome-wide expression profiling of individual cells using nanoliter droplets},
  author={Macosko, Evan Z. and Basu, Anindita and Satija, Rahul and Nemesh, James and Shekhar, Karthik and Goldman, Melissa and Tirosh, Itay and Bialas, Allison R. and Kamitaki, Nolan and Martersteck, Emily M. and others},
  journal={Cell},
  volume={161},
  number={5},
  pages={1202--1214},
  year={2015},
  note={DOI: 10.1016/j.cell.2015.05.002}
}

@article{Nowakowski2017,
  title={Spatiotemporal gene expression trajectories reveal developmental hierarchies of the human cortex},
  author={Nowakowski, Tomasz J. and Bhaduri, Aparna and Pollen, Alex A. and Alvarado, Beatriz and Mostajo-Radji, Mohammad A. and Di Lullo, Elizabeth and Haeussler, Maximilian and Sandoval-Espinosa, Claudia and Liu, Shuang and Velmeshev, Dmitry and others},
  journal={Science},
  volume={358},
  number={6368},
  pages={1318--1323},
  year={2017},
  note={DOI: 10.1126/science.aap8809}
}

@article{Saunders2018,
  title={Molecular diversity and specializations among the cortical interneurons},
  author={Saunders, Arpiar and Macosko, Evan Z. and Wysoker, Alec and Goldman, Melissa and Krienen, Fenna M. and de Rivera, Heather and Bien, Emily and Baum, Matthew and Bortolin, Laura and Wang, Shuang and others},
  journal={Nature},
  volume={557},
  number={7706},
  pages={392--397},
  year={2018},
  note={DOI: 10.1038/s41586-018-0094-8}
}

@article{Yuste2020,
  title={A community-based transcriptomics classification and nomenclature of neocortical cell types},
  author={Yuste, Rafael and Hawrylycz, Michael and Aalling, Nadia and Aguilar-Valles, Argel and Arendt, Detlev and Armañanzas, Rubén and Ascoli, Giorgio A. and Bielza, Concha and Bokharaie, Vahid and Bergmann, Till and others},
  journal={Nature Neuroscience},
  volume={23},
  number={12},
  pages={1456--1468},
  year={2020},
  note={DOI: 10.1038/s41593-020-00744-0}
}

@article{Zeng2017,
  title={Neuronal cell-type classification: Challenges, opportunities and the path forward},
  author={Zeng, Hongkui and Sanes, Joshua R.},
  journal={Nature Reviews Neuroscience},
  volume={18},
  number={9},
  pages={530--546},
  year={2017},
  note={DOI: 10.1038/nrn.2017.85}
}

@article{Zeisel2018,
  title={Molecular architecture of the mouse nervous system},
  author={Zeisel, Amit and Hochgerner, Hannah and Lönnerberg, Peter and Johnsson, Anna and Memic, Fatima and van der Zwan, Jan and Häring, Mathias and Braun, Elad and Borm, Lukas E. and La Manno, Gioele and others},
  journal={Cell},
  volume={174},
  number={4},
  pages={999--1014.e22},
  year={2018},
  note={DOI: 10.1016/j.cell.2018.06.021}
}

@article{Zhang2010,
  title={Astrocyte heterogeneity: An underappreciated topic in neurobiology},
  author={Zhang, Ye and Barres, Ben A.},
  journal={Current Opinion in Neurobiology},
  volume={20},
  number={5},
  pages={588--594},
  year={2010},
  note={DOI: 10.1016/j.conb.2010.06.005}
}