@article{Baluska2016,
  title={On Having No Head: Cognition throughout Biological Systems},
  author={Baluska, Frantisek and Levin, Michael},
  journal={Frontiers in Psychology},
  volume={7},
  pages={902},
  year={2016},
  note={DOI: 10.3389/fpsyg.2016.00902}
}

@article{Barker2018,
  title={Astrocytes and Synaptic Plasticity},
  author={Barker, Adrian J. and Ullian, Erik M.},
  journal={The Neuroscientist},
  volume={24},
  number={3},
  pages={255--273},
  year={2018},
  note={DOI: 10.1177/1073858417726540}
}

@article{Bashir2019,
  title={Molecular Mechanisms of State-Dependent Neural Processing},
  author={Bashir, Zafar I. and Augustine, George J.},
  journal={Neuron},
  volume={104},
  number={4},
  pages={629--639},
  year={2019},
  note={DOI: 10.1016/j.neuron.2019.09.032}
}

@incollection{Devor2016,
  title={Neuronal Basis of Non-invasive Functional Imaging: From Microscopic Neurovascular Dynamics to BOLD fMRI},
  author={Devor, Anna and Bandettini, Peter A. and Boas, David A. and Bower, James M. and Buxton, Richard B. and Cohen, Lawrence B. and Dale, Anders M. and Einevoll, Gaute T. and Fox, Peter T. and Franceschini, Maria A. and others},
  booktitle={Advances in Neurobiology},
  volume={12},
  pages={237--264},
  year={2016},
  note={DOI: 10.1007/978-1-4939-6788-9\_12}
}

@article{Jonas2017,
  title={Could a Neuroscientist Understand a Microprocessor?},
  author={Jonas, Eric and Kording, Konrad P.},
  journal={PLOS Computational Biology},
  volume={13},
  number={1},
  pages={e1005268},
  year={2017},
  note={DOI: 10.1371/journal.pcbi.1005268}
}

@article{Lane2018,
  title={The Chemistry of Life's Origin: A Mechanistic Description of the Emergence of the Biological World},
  author={Lane, Nick},
  journal={Journal of Molecular Evolution},
  volume={86},
  number={1},
  pages={1--11},
  year={2018},
  note={DOI: 10.1007/s00239-017-9820-2}
}

@article{Lisman2018,
  title={Memory Mechanisms: The Legacy of Ramon y Cajal},
  author={Lisman, John and Cooper, Kyle and Sehgal, Monika and Silva, Alcino J.},
  journal={Nature Reviews Neuroscience},
  volume={19},
  number={7},
  pages={447--458},
  year={2018},
  note={DOI: 10.1038/s41583-018-0025-4}
}

@article{Marder2012,
  title={Neuromodulation of Neuronal Circuits: Back to the Future},
  author={Marder, Eve},
  journal={Neuron},
  volume={76},
  number={1},
  pages={1--11},
  year={2012},
  note={DOI: 10.1016/j.neuron.2012.09.010}
}

@article{Namburi2016,
  title={A Circuit Mechanism for Differentiating Positive and Negative Associations},
  author={Namburi, Praneeth and Al-Hasani, Ream and Calhoon, Gwendolyn G. and Bruchas, Michael R. and Tye, Kay M.},
  journal={Nature},
  volume={520},
  number={7549},
  pages={675--678},
  year={2016},
  note={DOI: 10.1038/nature14366}
}

@article{Reese2016,
  title={Spontaneous Neurotransmission Signals Through Store-Driven Ca$^{2+}$ Transients to Maintain Synaptic Homeostasis},
  author={Reese, Austin L. and Kavalali, Ege T.},
  journal={eLife},
  volume={5},
  pages={e09262},
  year={2016},
  note={DOI: 10.7554/eLife.09262}
}

@article{Sengupta2014,
  title={Power Consumption During Neuronal Computation},
  author={Sengupta, Biswa and Stemmler, Martin B.},
  journal={Proceedings of the IEEE},
  volume={102},
  number={5},
  pages={738--750},
  year={2014},
  note={DOI: 10.1109/JPROC.2014.2312112}
}

@article{Sudhof2018,
  title={Towards an Understanding of Synapse Formation},
  author={SÃ¼dhof, Thomas C.},
  journal={Neuron},
  volume={100},
  number={2},
  pages={276--293},
  year={2018},
  note={DOI: 10.1016/j.neuron.2018.09.040}
}

@article{Takeuchi2014,
  title={The Synaptic Plasticity and Memory Hypothesis: Encoding, Storage and Persistence},
  author={Takeuchi, Takashi and Duszkiewicz, Adrian J. and Morris, Richard G. M.},
  journal={Philosophical Transactions of the Royal Society B: Biological Sciences},
  volume={369},
  number={1633},
  pages={20130288},
  year={2014},
  note={DOI: 10.1098/rstb.2013.0288}
}

@article{Wang2020,
  title={Macroscopic Gradients of Synaptic Excitation and Inhibition in the Neocortex},
  author={Wang, Xiao-Jing},
  journal={Nature Reviews Neuroscience},
  volume={21},
  number={3},
  pages={169--178},
  year={2020},
  note={DOI: 10.1038/s41583-019-0254-1}
}

@article{Yu2018,
  title={Spine Plasticity in the Motor Cortex},
  author={Yu, Xinzhu and Zuo, Yi},
  journal={Current Opinion in Neurobiology},
  volume={22},
  number={3},
  pages={375--381},
  year={2018},
  note={DOI: 10.1016/j.conb.2018.06.004}
}

@article{Zador2019,
  title={A Critique of Pure Learning and What Artificial Neural Networks Can Learn from Animal Brains},
  author={Zador, Anthony M.},
  journal={Nature Communications},
  volume={10},
  number={1},
  pages={1--7},
  year={2019},
  note={DOI: 10.1038/s41467-019-11786-6}
}