@article{Andersen1992,
  title={Molecular determinants of channel function},
  author={Andersen, Olaf S. and Koeppe II, Roger E.},
  journal={Physiological Reviews},
  volume={72},
  number={4 Suppl},
  pages={S89--S158},
  year={1992},
  publisher={American Physiological Society},
  note={DOI: 10.1152/physrev.1992.72.suppl\_4.s89}
}

@article{Bezanilla2002,
  title={Voltage sensor movements},
  author={Bezanilla, Francisco},
  journal={The Journal of General Physiology},
  volume={120},
  number={4},
  pages={465--473},
  year={2002},
  publisher={Rockefeller University Press},
  note={DOI: 10.1085/jgp.20028660}
}

@article{Choquet2013,
  title={The dynamic synapse},
  author={Choquet, Daniel and Triller, Antoine},
  journal={Neuron},
  volume={80},
  number={3},
  pages={691--703},
  year={2013},
  note={DOI: 10.1016/j.neuron.2013.10.013}
}

@article{Destexhe2017,
  title={The Wilson-Cowan model, 36 years later},
  author={Destexhe, Alain and Sejnowski, Terrence J.},
  journal={Biological Cybernetics},
  volume={101},
  number={1},
  pages={1--2},
  year={2017},
  note={DOI: 10.1007/s00422-017-0740-7}
}

@article{Fernandez-Busnadiego2019,
  title={Molecular architecture of the inner hair cell synaptic complex},
  author={Fernandez-Busnadiego, Rafael},
  journal={Cell},
  volume={176},
  number={3},
  pages={454--467},
  year={2019},
  note={DOI: 10.1016/j.cell.2019.01.005}
}

@article{Garcia-Parajo2014,
  title={Nanoclustering as a dominant feature of plasma membrane organization},
  author={Garcia-Parajo, Maria F. and others},
  journal={Journal of Cell Science},
  volume={127},
  number={23},
  pages={4995--5005},
  year={2014},
  note={DOI: 10.1242/jcs.146340}
}

@article{Goni2014,
  title={The basic structure and dynamics of cell membranes: An update of the Singer-Nicolson model},
  author={Goñi, Felix M.},
  journal={Biochimica et Biophysica Acta (BBA) - Biomembranes},
  volume={1838},
  number={6},
  pages={1467--1476},
  year={2014},
  note={DOI: 10.1016/j.bbamem.2014.01.006}
}

@article{Holmgren2017,
  title={Ion channels: Novel functional views and therapeutic potential},
  author={Holmgren, Miguel and Raghuraman, Hariharan},
  journal={Handbook of Experimental Pharmacology},
  volume={246},
  pages={1--15},
  year={2017},
  note={DOI: 10.1007/978-3-319-55759-5\_1}
}

@article{Huang2018,
  title={Axon initial segments: Structure, function, and disease},
  author={Huang, Yi-Min and Rasband, Matthew N.},
  journal={Annals of the New York Academy of Sciences},
  volume={1420},
  number={1},
  pages={46--61},
  year={2018},
  note={DOI: 10.1111/nyas.13591}
}

@article{Kusumi2012,
  title={Dynamic organizing principles of the plasma membrane that regulate signal transduction},
  author={Kusumi, Akihiro and others},
  journal={Annual Review of Cell and Developmental Biology},
  volume={28},
  pages={215--250},
  year={2012},
  note={DOI: 10.1146/annurev-cellbio-100109-104032}
}

@article{Lingwood2010,
  title={Lipid rafts as a membrane-organizing principle},
  author={Lingwood, Daniel and Simons, Kai},
  journal={Science},
  volume={327},
  number={5961},
  pages={46--50},
  year={2010},
  note={DOI: 10.1126/science.1174621}
}

@article{Poo2016,
  title={What is memory? The present state of the engram},
  author={Poo, Mu-Ming and others},
  journal={BMC Biology},
  volume={14},
  number={1},
  pages={40},
  year={2016},
  note={DOI: 10.1186/s12915-016-0261-6}
}

@article{Rizo2015,
  title={The synaptic vesicle release machinery},
  author={Rizo, Josep and Xu, Jiajie},
  journal={Annual Review of Biophysics},
  volume={44},
  pages={339--367},
  year={2015},
  note={DOI: 10.1146/annurev-biophys-060414-034057}
}

@article{Sachs2010,
  title={Stretch-activated ion channels: What are they?},
  author={Sachs, Frederick},
  journal={Physiology},
  volume={25},
  number={1},
  pages={50--56},
  year={2010},
  note={DOI: 10.1152/physiol.00042.2009}
}

@article{Sastry2000,
  title={Apoptosis and the nervous system},
  author={Sastry, Padmanabhan S. and Rao, K.S.},
  journal={Journal of Neurochemistry},
  volume={74},
  number={1},
  pages={1--20},
  year={2000},
  note={DOI: 10.1046/j.1471-4159.2000.0740001.x}
}

@article{Sudhof2013,
  title={Neurotransmitter release: The last millisecond in the life of a synaptic vesicle},
  author={Südhof, Thomas C.},
  journal={Neuron},
  volume={80},
  number={3},
  pages={675--690},
  year={2013},
  note={DOI: 10.1016/j.neuron.2013.10.022}
}

@article{Yang2019,
  title={Membrane protein mobility and organization are influenced by membrane lipid composition},
  author={Yang, Yue and others},
  journal={Journal of Biological Chemistry},
  volume={294},
  number={17},
  pages={6519--6527},
  year={2019},
  note={DOI: 10.1074/jbc.RA118.006255}
}

@article{Zimmerberg2006,
  title={How proteins produce cellular membrane curvature},
  author={Zimmerberg, Joshua and Kozlov, Mikhail M.},
  journal={Nature Reviews Molecular Cell Biology},
  volume={7},
  number={1},
  pages={9--19},
  year={2006},
  note={DOI: 10.1038/nrm1784}
}