@article{Bargmann2012,
  author = {Cornelia I. Bargmann},
  title = {Beyond the Connectome: How Neuromodulators Shape Neural Circuits},
  journal = {BioEssays},
  year = {2012},
  volume = {34},
  number = {6},
  pages = {458--465},
  note = {DOI: 10.1002/bies.201100185}
}

@article{Berridge2014,
  author = {Michael J. Berridge},
  title = {Calcium Signalling and Psychiatric Disease: Bipolar Disorder and Schizophrenia},
  journal = {Cell and Tissue Research},
  year = {2014},
  volume = {357},
  number = {2},
  pages = {477--492},
  note = {DOI: 10.1007/s00441-014-1806-z}
}

@article{Cools2011,
  author = {Roshan Cools and Mark D'Esposito},
  title = {Inverted-U-Shaped Dopamine Actions on Human Working Memory and Cognitive Control},
  journal = {Biological Psychiatry},
  year = {2011},
  volume = {69},
  number = {12},
  pages = {e113--e125},
  note = {DOI: 10.1016/j.biopsych.2011.03.028}
}

@article{Dayan2012,
  author = {Peter Dayan},
  title = {Twenty-Five Lessons from Computational Neuromodulation},
  journal = {Neuron},
  year = {2012},
  volume = {76},
  number = {1},
  pages = {240--256},
  note = {DOI: 10.1016/j.neuron.2012.09.027}
}

@article{Froemke2015,
  author = {Robert C. Froemke},
  title = {Plasticity of Cortical Excitatory-Inhibitory Balance},
  journal = {Annual Review of Neuroscience},
  year = {2015},
  volume = {38},
  pages = {195--219},
  note = {DOI: 10.1146/annurev-neuro-071714-034002}
}

@article{Marder2012,
  author = {Eve Marder and Vatsala Thirumalai},
  title = {Cellular, Synaptic and Network Effects of Neuromodulation},
  journal = {Neural Networks},
  year = {2012},
  volume = {15},
  number = {4--6},
  pages = {479--493},
  note = {DOI: 10.1016/j.neunet.2012.01.010}
}

@article{Nadim2014,
  author = {Farzan Nadim and Dirk Bucher},
  title = {Neuromodulation of Neurons and Synapses},
  journal = {Current Opinion in Neurobiology},
  year = {2014},
  volume = {29},
  pages = {48--56},
  note = {DOI: 10.1016/j.conb.2014.04.001}
}

@article{Palacios-Filardo2019,
  author = {Javier Palacios-Filardo and Jack R. Mellor},
  title = {Neuromodulation of Brain States},
  journal = {Neuron},
  year = {2019},
  volume = {103},
  number = {5},
  pages = {829--845},
  note = {DOI: 10.1016/j.neuron.2019.06.020}
}

@article{Parr2017,
  author = {Thomas Parr and Karl J. Friston},
  title = {Working Memory, Attention, and Salience in Active Inference},
  journal = {Scientific Reports},
  year = {2017},
  volume = {7},
  number = {1},
  pages = {14678},
  note = {DOI: 10.1038/s41598-017-15249-0}
}

@article{Picciotto2012,
  author = {Marina R. Picciotto et al.},
  title = {Acetylcholine as a Neuromodulator: Cholinergic Signaling Shapes Nervous System Function and Behavior},
  journal = {Neuron},
  year = {2012},
  volume = {76},
  number = {1},
  pages = {116--129},
  note = {DOI: 10.1016/j.neuron.2012.08.036}
}