@article{Balchin2016,
  author = {David Balchin and Manajit Hayer-Hartl and F. Ulrich Hartl},
  title = {In Vivo Aspects of Protein Folding and Quality Control},
  journal = {Science},
  year = {2016},
  volume = {353},
  number = {6294},
  pages = {aac4354},
  note = {DOI: 10.1126/science.aac4354}
}

@article{Brangwynne2015,
  author = {Clifford P. Brangwynne et al.},
  title = {Polymer Physics of Intracellular Phase Transitions},
  journal = {Nature Physics},
  year = {2015},
  volume = {11},
  number = {11},
  pages = {899--904},
  note = {DOI: 10.1038/nphys3532}
}

@article{Davis2018,
  author = {Caleb M. Davis and Martin Gruebele},
  title = {Non-Stochastic Protein Folding in the Cell},
  journal = {Nature Communications},
  year = {2018},
  volume = {9},
  number = {1},
  pages = {1--9},
  note = {DOI: 10.1038/s41467-018-04241-6}
}

@article{Erickson2009,
  author = {Harold P. Erickson},
  title = {Size and Shape of Protein Molecules at the Nanometer Level Determined by Sedimentation, Gel Filtration, and Electron Microscopy},
  journal = {Biological Procedures Online},
  year = {2009},
  volume = {11},
  number = {1},
  pages = {32--51},
  note = {DOI: 10.1007/s12575-009-9008-x}
}

@article{Frauenfelder2009,
  author = {Hans Frauenfelder et al.},
  title = {A Unified Model of Protein Dynamics},
  journal = {Proceedings of the National Academy of Sciences},
  year = {2009},
  volume = {106},
  number = {13},
  pages = {5129--5134},
  note = {DOI: 10.1073/pnas.0900336106}
}

@article{Henzler-Wildman2007,
  author = {Katrina Henzler-Wildman and Dorothee Kern},
  title = {Dynamic Personalities of Proteins},
  journal = {Nature},
  year = {2007},
  volume = {450},
  number = {7172},
  pages = {964--972},
  note = {DOI: 10.1038/nature06522}
}

@article{Hyman2014,
  author = {Anthony A. Hyman et al.},
  title = {Liquid-Liquid Phase Separation in Biology},
  journal = {Annual Review of Cell and Developmental Biology},
  year = {2014},
  volume = {30},
  pages = {39--58},
  note = {DOI: 10.1146/annurev-cellbio-100913-013325}
}

@article{Karplus2005,
  author = {Martin Karplus and John Kuriyan},
  title = {Molecular Dynamics and Protein Function},
  journal = {Proceedings of the National Academy of Sciences},
  year = {2005},
  volume = {102},
  number = {19},
  pages = {6679--6685},
  note = {DOI: 10.1073/pnas.0408930102}
}

@article{Lindorff-Larsen2016,
  author = {Kresten Lindorff-Larsen et al.},
  title = {Simultaneous Determination of Protein Structure and Dynamics},
  journal = {Nature},
  year = {2016},
  volume = {537},
  number = {7621},
  pages = {473--478},
  note = {DOI: 10.1038/nature19342}
}

@article{Nussinov2013,
  author = {Ruth Nussinov and Chung-Jung Tsai},
  title = {Allostery in Disease and Drug Discovery},
  journal = {Cell},
  year = {2013},
  volume = {153},
  number = {2},
  pages = {293--305},
  note = {DOI: 10.1016/j.cell.2013.03.034}
}

@article{Oldfield2014,
  author = {Christopher J. Oldfield and A. Keith Dunker},
  title = {Intrinsically Disordered Proteins and Intrinsically Disordered Protein Regions},
  journal = {Annual Review of Biochemistry},
  year = {2014},
  volume = {83},
  pages = {553--584},
  note = {DOI: 10.1146/annurev-biochem-072711-164947}
}

@article{Roh2017,
  author = {Seong Hoon Roh et al.},
  title = {Chaperonin-Mediated Protein Folding},
  journal = {Annual Review of Biophysics},
  year = {2017},
  volume = {46},
  pages = {459--483},
  note = {DOI: 10.1146/annurev-biophys-070816-033639}
}

@article{Royer2006,
  author = {C. A. Royer},
  title = {Probing Protein Folding and Conformational Transitions with Fluorescence},
  journal = {Chemical Reviews},
  year = {2006},
  volume = {106},
  number = {5},
  pages = {1769--1784},
  note = {DOI: 10.1021/cr0404390}
}

@article{Sudhof2013,
  author = {Thomas C. SÃ¼dhof},
  title = {A Molecular Machine for Neurotransmitter Release: Synaptotagmin and Beyond},
  journal = {Nature Medicine},
  year = {2013},
  volume = {19},
  number = {10},
  pages = {1227--1231},
  note = {DOI: 10.1038/nm.3338}
}

@article{Thirumalai2017,
  author = {D. Thirumalai and Changbong Hyeon},
  title = {RNA and Protein Folding: Common Themes and Variations},
  journal = {Biochemistry},
  year = {2017},
  volume = {56},
  number = {41},
  pages = {5499--5512},
  note = {DOI: 10.1021/acs.biochem.7b00779}
}

@article{Tokuriki2009,
  author = {Nobuhiko Tokuriki and Dan S. Tawfik},
  title = {Protein Dynamism and Evolvability},
  journal = {Science},
  year = {2009},
  volume = {324},
  number = {5924},
  pages = {203--207},
  note = {DOI: 10.1126/science.1169375}
}

@article{Wright2015,
  author = {Peter E. Wright and H. Jane Dyson},
  title = {Intrinsically Disordered Proteins in Cellular Signalling and Regulation},
  journal = {Nature Reviews Molecular Cell Biology},
  year = {2015},
  volume = {16},
  number = {1},
  pages = {18--29},
  note = {DOI: 10.1038/nrm3920}
}

@article{Zhou2008,
  author = {Huan-Xiang Zhou et al.},
  title = {Macromolecular Crowding and Confinement: Biochemical, Biophysical, and Potential Physiological Consequences},
  journal = {Annual Review of Biophysics},
  year = {2008},
  volume = {37},
  pages = {375--397},
  note = {DOI: 10.1146/annurev.biophys.37.032807.125817}
}