@article{Bennett2004,
  author = {Michael V.L. Bennett and R. Suzanne Zukin},
  title = {Electrical Coupling and Neuronal Synchronization in the Mammalian Brain},
  journal = {Neuron},
  year = {2004},
  volume = {41},
  number = {4},
  pages = {495--511},
  note = {DOI: 10.1016/S0896-6273(04)00043-1}
}

@article{Connors2004,
  author = {Barry W. Connors and Michael A. Long},
  title = {Electrical Synapses in the Mammalian Brain},
  journal = {Annual Review of Neuroscience},
  year = {2004},
  volume = {27},
  pages = {393--418},
  note = {DOI: 10.1146/annurev.neuro.26.041002.131128}
}

@article{Dermietzel2013,
  author = {Rolf Dermietzel and David C. Spray},
  title = {Gap Junctions in the Brain: Physiological and Pathological Roles},
  journal = {Nature Reviews Neuroscience},
  year = {2013},
  volume = {14},
  number = {2},
  pages = {85--97},
  note = {DOI: 10.1038/nrn3383}
}

@article{Giaume1996,
  author = {Christian Giaume and Kathleen D. McCarthy},
  title = {Control of Gap-junctional Communication in Astrocytic Networks},
  journal = {Trends in Neurosciences},
  year = {1996},
  volume = {19},
  number = {8},
  pages = {319--325},
  note = {DOI: 10.1016/0166-2236(96)10040-4}
}

@article{Hormuzdi2004,
  author = {Sarmistha G. Hormuzdi et al.},
  title = {Electrical Synapses: A Dynamic Signaling System that Shapes the Activity of Neuronal Networks},
  journal = {Biochimica et Biophysica Acta},
  year = {2004},
  volume = {1662},
  number = {1-2},
  pages = {113--137},
  note = {DOI: 10.1016/j.bbamem.2004.01.007}
}

@article{Nagy2018,
  author = {James I. Nagy et al.},
  title = {Connexin and Pannexin Channels in the Brain},
  journal = {Annual Review of Physiology},
  year = {2018},
  volume = {80},
  pages = {49--77},
  note = {DOI: 10.1146/annurev-physiol-022516-034116}
}

@article{Nadarajah1996,
  author = {Bhavana Nadarajah et al.},
  title = {Gap Junctions in the Adult Cerebral Cortex: Regional Differences in their Distribution and Cellular Expression of Connexins},
  journal = {Journal of Comparative Neurology},
  year = {1996},
  volume = {376},
  number = {2},
  pages = {326--342},
  note = {DOI: 10.1002/(SICI)1096-9861(19961223)376:2<326::AID-CNE9>3.0.CO;2-W}
}

@article{Nielsen2012,
  author = {Morten S. Nielsen et al.},
  title = {Gap Junctions},
  journal = {Comprehensive Physiology},
  year = {2012},
  volume = {2},
  number = {3},
  pages = {1981--2035},
  note = {DOI: 10.1002/cphy.c110051}
}

@article{Palacios-Prado2009,
  author = {Norma Palacios-Prado and Feliks F. Bukauskas},
  title = {Heterotypic Gap Junction Channels as Voltage-sensitive Valves for Intercellular Signaling},
  journal = {Proceedings of the National Academy of Sciences},
  year = {2009},
  volume = {106},
  number = {35},
  pages = {14855--14860},
  note = {DOI: 10.1073/pnas.0905597106}
}

@article{Pannasch2013,
  author = {Ullrich Pannasch and Nathalie Rouach},
  title = {Emerging Role for Astroglial Networks in Information Processing: From Synapse to Behavior},
  journal = {Trends in Neurosciences},
  year = {2013},
  volume = {36},
  number = {7},
  pages = {405--417},
  note = {DOI: 10.1016/j.tins.2013.04.004}
}

@article{Pereda2014,
  author = {Alberto E. Pereda},
  title = {Electrical Synapses and Their Functional Interactions with Chemical Synapses},
  journal = {Nature Reviews Neuroscience},
  year = {2014},
  volume = {15},
  number = {4},
  pages = {250--263},
  note = {DOI: 10.1038/nrn3708}
}

@article{Rash2012,
  author = {John E. Rash et al.},
  title = {Molecular and Functional Properties of Connexins in the Central Nervous System},
  journal = {Progress in Brain Research},
  year = {2012},
  volume = {175},
  pages = {289--306},
  note = {DOI: 10.1016/B978-0-444-53825-3.00022-2}
}

@article{Rozental2000,
  author = {Rafael Rozental et al.},
  title = {Gap Junctions in the Nervous System},
  journal = {Brain Research Reviews},
  year = {2000},
  volume = {32},
  number = {1},
  pages = {11--15},
  note = {DOI: 10.1016/S0165-0173(99)00062-5}
}

@article{Sohl2005,
  author = {Gerald S{\"o}hl et al.},
  title = {The Role of Gap Junctions in the Brain in Health and Disease},
  journal = {Neuroscience Letters},
  year = {2005},
  volume = {396},
  number = {1},
  pages = {1--2},
  note = {DOI: 10.1016/j.neulet.2005.11.001}
}

@article{Theis2005,
  author = {Martin Theis et al.},
  title = {Emerging Complexities in Identity and Function of Glial Connexins},
  journal = {Trends in Neurosciences},
  year = {2005},
  volume = {28},
  number = {4},
  pages = {188--195},
  note = {DOI: 10.1016/j.tins.2005.02.008}
}

@article{Verselis2013,
  author = {Vincent K. Verselis and Medha Srinivas},
  title = {Connexin Channel Modulators and Their Mechanisms of Action},
  journal = {Neuropharmacology},
  year = {2013},
  volume = {75},
  pages = {517--524},
  note = {DOI: 10.1016/j.neuropharm.2013.02.019}
}

@article{Willecke2002,
  author = {Klaus Willecke et al.},
  title = {Structural and Functional Diversity of Connexin Genes in the Mouse and Human Genome},
  journal = {Biological Chemistry},
  year = {2002},
  volume = {383},
  number = {5},
  pages = {725--737},
  note = {DOI: 10.1515/BC.2002.076}
}