@book{Alberts2015,
  author = {Bruce Alberts et al.},
  title = {The Dynamic Properties of the Cytoskeleton and Their Regulation},
  booktitle = {Molecular Biology of the Cell (6th Edition)},
  year = {2015},
  pages = {889--948},
  note = {ISBN: 9780815344322}
}

@article{Baas2011,
  author = {Peter W. Baas and Shan Lin},
  title = {Hooks and Comets: The Story of Microtubule Polarity Orientation in the Neuron},
  journal = {Developmental Neurobiology},
  year = {2011},
  volume = {71},
  number = {6},
  pages = {403--418},
  note = {DOI: 10.1002/dneu.20853}
}

@article{Conde2009,
  author = {Cesar Conde and Alfredo Cáceres},
  title = {Microtubule Assembly, Organization and Dynamics in Axons and Dendrites},
  journal = {Nature Reviews Neuroscience},
  year = {2009},
  volume = {10},
  number = {5},
  pages = {319--332},
  note = {DOI: 10.1038/nrn2631}
}

@article{Dent2014,
  author = {Erik W. Dent and Peter W. Baas},
  title = {Microtubules in Neurons as Information Carriers},
  journal = {Journal of Neurochemistry},
  year = {2014},
  volume = {129},
  number = {2},
  pages = {235--239},
  note = {DOI: 10.1111/jnc.12650}
}

@article{Fletcher2010,
  author = {Daniel A. Fletcher and R. Dyche Mullins},
  title = {Cell Mechanics and the Cytoskeleton},
  journal = {Nature},
  year = {2010},
  volume = {463},
  number = {7280},
  pages = {485--492},
  note = {DOI: 10.1038/nature08908}
}

@article{Hameroff2014,
  author = {Stuart Hameroff and Roger Penrose},
  title = {Consciousness in the Universe: A Review of the 'Orch OR' Theory},
  journal = {Physics of Life Reviews},
  year = {2014},
  volume = {11},
  number = {1},
  pages = {39--78},
  note = {DOI: 10.1016/j.plrev.2013.08.002}
}

@article{Howard2003,
  author = {Jonathon Howard and Anthony A. Hyman},
  title = {Dynamics and Mechanics of the Microtubule Plus End},
  journal = {Nature},
  year = {2003},
  volume = {422},
  number = {6933},
  pages = {753--758},
  note = {DOI: 10.1038/nature01600}
}

@article{Kapitein2015,
  author = {Lukas C. Kapitein and Casper C. Hoogenraad},
  title = {Building the Neuronal Microtubule Cytoskeleton},
  journal = {Neuron},
  year = {2015},
  volume = {87},
  number = {3},
  pages = {492--506},
  note = {DOI: 10.1016/j.neuron.2015.05.046}
}

@article{Kirschner1986,
  author = {Marc Kirschner and Timothy Mitchison},
  title = {Beyond Self-Assembly: From Microtubules to Morphogenesis},
  journal = {Cell},
  year = {1986},
  volume = {45},
  number = {3},
  pages = {329--342},
  note = {DOI: 10.1016/0092-8674(86)90318-1}
}

@article{Kueh2009,
  author = {Hsiu-Ying Kueh and Timothy J. Mitchison},
  title = {Structural Plasticity in Actin and Tubulin Polymer Dynamics},
  journal = {Science},
  year = {2009},
  volume = {325},
  number = {5943},
  pages = {960--963},
  note = {DOI: 10.1126/science.1177094}
}

@article{Nogales2000,
  author = {Eva Nogales},
  title = {Structural Insights into Microtubule Function},
  journal = {Annual Review of Biochemistry},
  year = {2000},
  volume = {69},
  number = {1},
  pages = {277--302},
  note = {DOI: 10.1146/annurev.biochem.69.1.277}
}

@article{Roll-Mecak2020,
  author = {Antonina Roll-Mecak},
  title = {The Tubulin Code in Neuronal Polarity},
  journal = {Current Opinion in Neurobiology},
  year = {2020},
  volume = {57},
  pages = {134--140},
  note = {DOI: 10.1016/j.conb.2019.12.001}
}

@article{Sanchez-Huertas2016,
  author = {Clara Sánchez-Huertas et al.},
  title = {The 'Kit' for Neuronal Polarity},
  journal = {Journal of Neuroscience Research},
  year = {2016},
  volume = {94},
  number = {12},
  pages = {1548--1559},
  note = {DOI: 10.1002/jnr.23936}
}

@article{Stiess2011,
  author = {Matthias Stiess and Frank Bradke},
  title = {Neuronal Polarization: The Cytoskeleton Leads the Way},
  journal = {Developmental Neurobiology},
  year = {2011},
  volume = {71},
  number = {6},
  pages = {430--444},
  note = {DOI: 10.1002/dneu.20856}
}

@article{Vallee2006,
  author = {Richard B. Vallee and Li-Huei Tsai},
  title = {The Cellular Roles of the Lissencephaly Gene LIS1, and What They Tell Us about Brain Development},
  journal = {Genes \& Development},
  year = {2006},
  volume = {20},
  number = {11},
  pages = {1384--1393},
  note = {DOI: 10.1101/gad.1415206}
}

@article{Wittmann2001,
  author = {Torsten Wittmann et al.},
  title = {The Spindle: A Dynamic Assembly of Microtubules and Motors},
  journal = {Nature Cell Biology},
  year = {2001},
  volume = {3},
  number = {1},
  pages = {E28--E34},
  note = {DOI: 10.1038/ncb0101E28}
}

@article{Yogev2017,
  author = {Shahar Yogev and Kang Shen},
  title = {Cellular and Molecular Mechanisms of Synaptic Specificity},
  journal = {Annual Review of Cell and Developmental Biology},
  year = {2017},
  volume = {33},
  pages = {373--397},
  note = {DOI: 10.1146/annurev-cellbio-100616-060758}
}