@article{Aserinsky2003,
  author = {Eugene Aserinsky and Nathaniel Kleitman},
  title = {Regularly Occurring Periods of Eye Motility, and Concomitant Phenomena, During Sleep},
  journal = {Journal of Neuropsychiatry},
  year = {2003},
  volume = {15},
  number = {4},
  pages = {454--455},
  note = {DOI: 10.1176/appi.neuropsych.15.4.454}
}

@article{Cirelli2015,
  author = {Chiara Cirelli and Giulio Tononi},
  title = {Sleep and Synaptic Homeostasis: A Perspective},
  journal = {Trends in Neurosciences},
  year = {2015},
  volume = {38},
  number = {12},
  pages = {735--745},
  note = {DOI: 10.1016/j.tins.2015.09.004}
}

@article{DiNuzzo2017,
  author = {Marco DiNuzzo and Maiken Nedergaard},
  title = {Brain Energetics During the Sleep-Wake Cycle},
  journal = {Current Opinion in Neurobiology},
  year = {2017},
  volume = {47},
  pages = {65--72},
  note = {DOI: 10.1016/j.conb.2017.09.011}
}

@article{Frank2013,
  author = {Marcos G. Frank},
  title = {Why I Am Not SHY: A Reply to Tononi and Cirelli},
  journal = {Neural Plasticity},
  year = {2013},
  volume = {2013},
  pages = {394946},
  note = {DOI: 10.1155/2013/394946}
}

@article{Holst2018,
  author = {Stefan C. Holst and Hans P. Landolt},
  title = {Sleep-Wake Neurochemistry},
  journal = {Sleep Medicine Clinics},
  year = {2018},
  volume = {13},
  number = {2},
  pages = {137--146},
  note = {DOI: 10.1016/j.jsmc.2018.02.002}
}

@article{Inoue2012,
  author = {Shigenobu Inoue and Kenji Honda},
  title = {Brain Mechanisms of Sleep and Wakefulness},
  journal = {NIPPON RINSHO Japanese Journal of Clinical Medicine},
  year = {2012},
  volume = {70},
  number = {7},
  pages = {1193--1201}
}

@article{Krueger2016,
  author = {James M. Krueger et al.},
  title = {Sleep Function: Toward Elucidating an Enigma},
  journal = {Sleep Medicine Reviews},
  year = {2016},
  volume = {28},
  pages = {46--54},
  note = {DOI: 10.1016/j.smrv.2015.08.005}
}

@article{Lipton2014,
  author = {Jonathan O. Lipton and Mustafa Sahin},
  title = {The Neurology of mTOR},
  journal = {Neuron},
  year = {2014},
  volume = {84},
  number = {2},
  pages = {275--291},
  note = {DOI: 10.1016/j.neuron.2014.09.034}
}

@article{Mander2017,
  author = {Bryce A. Mander et al.},
  title = {Sleep and Human Aging},
  journal = {Neuron},
  year = {2017},
  volume = {94},
  number = {1},
  pages = {19--36},
  note = {DOI: 10.1016/j.neuron.2017.02.004}
}

@article{Nedergaard2020,
  author = {Maiken Nedergaard and Steven A. Goldman},
  title = {Glymphatic Failure as a Final Common Pathway to Dementia},
  journal = {Science},
  year = {2020},
  volume = {370},
  number = {6512},
  pages = {50--56},
  note = {DOI: 10.1126/science.abb8739}
}

@article{Petit2016,
  author = {Jean-Marc Petit and Pierre J. Magistretti},
  title = {Regulation of Neuron-Astrocyte Metabolic Coupling Across the Sleep-Wake Cycle},
  journal = {Neuroscience},
  year = {2016},
  volume = {323},
  pages = {135--156},
  note = {DOI: 10.1016/j.neuroscience.2015.12.024}
}

@article{Rasch2013,
  author = {Bj√∂rn Rasch and Jan Born},
  title = {About Sleep's Role in Memory},
  journal = {Physiological Reviews},
  year = {2013},
  volume = {93},
  number = {2},
  pages = {681--766},
  note = {DOI: 10.1152/physrev.00032.2012}
}

@article{Saper2017,
  author = {Clifford B. Saper and Patrick M. Fuller},
  title = {Wake-Sleep Circuitry: An Overview},
  journal = {Current Opinion in Neurobiology},
  year = {2017},
  volume = {44},
  pages = {186--192},
  note = {DOI: 10.1016/j.conb.2017.03.018}
}

@article{Scammell2017,
  author = {Thomas E. Scammell et al.},
  title = {Neural Circuitry of Wakefulness and Sleep},
  journal = {Neuron},
  year = {2017},
  volume = {93},
  number = {4},
  pages = {747--765},
  note = {DOI: 10.1016/j.neuron.2017.01.002}
}

@article{Tononi2014,
  author = {Giulio Tononi and Chiara Cirelli},
  title = {Sleep and the Price of Plasticity: From Synaptic and Cellular Homeostasis to Memory Consolidation and Integration},
  journal = {Neuron},
  year = {2014},
  volume = {81},
  number = {1},
  pages = {12--34},
  note = {DOI: 10.1016/j.neuron.2013.12.025}
}

@article{Vyazovskiy2013,
  author = {Vladyslav V. Vyazovskiy and Kenneth D. Harris},
  title = {Sleep and the Single Neuron: The Role of Global Slow Oscillations in Individual Cell Rest},
  journal = {Nature Reviews Neuroscience},
  year = {2013},
  volume = {14},
  number = {6},
  pages = {443--451},
  note = {DOI: 10.1038/nrn3483}
}

@article{Xie2013,
  author = {Lulu Xie et al.},
  title = {Sleep Drives Metabolite Clearance from the Adult Brain},
  journal = {Science},
  year = {2013},
  volume = {342},
  number = {6156},
  pages = {373--377},
  note = {DOI: 10.1126/science.1241224}
}

@article{Zhang2018,
  author = {Shu Jun Zhang and Michael B. Jackson},
  title = {Neuromodulation and Sleep Regulation},
  journal = {Current Opinion in Physiology},
  year = {2018},
  volume = {2},
  pages = {109--115},
  note = {DOI: 10.1016/j.cophys.2018.01.003}
}