@article{Adams2000,
  author = {J. H. Adams and D. I. Graham and B. Jennett},
  title = {The Neuropathology of the Vegetative State After an Acute Brain Insult},
  journal = {Brain},
  year = {2000},
  volume = {123},
  number = {7},
  pages = {1327--1338},
  note = {DOI: 10.1093/brain/123.7.1327}
}

@article{Baars2005,
  author = {B. J. Baars and S. Laureys},
  title = {One, Not Two, Neural Correlates of Consciousness},
  journal = {Trends in Cognitive Sciences},
  year = {2005},
  volume = {9},
  number = {6},
  pages = {269--270},
  note = {DOI: 10.1016/j.tics.2005.04.008}
}

@article{Casali2013,
  author = {A. G. Casali and O. Gosseries and M. Rosanova and M. Boly and S. Sarasso and K. R. Casali and M. Massimini},
  title = {A Theoretically Based Index of Consciousness Independent of Sensory Processing and Behavior},
  journal = {Science Translational Medicine},
  year = {2013},
  volume = {5},
  number = {198},
  pages = {198ra105},
  note = {DOI: 10.1126/scitranslmed.3006294}
}

@article{Dehaene2011,
  author = {Stanislas Dehaene and Jean-Pierre Changeux},
  title = {Experimental and Theoretical Approaches to Conscious Processing},
  journal = {Neuron},
  year = {2011},
  volume = {70},
  number = {2},
  pages = {200--227},
  note = {DOI: 10.1016/j.neuron.2011.03.018}
}

@article{DiPerri2014,
  author = {Camilla Di Perri and Jakob Stender and Steven Laureys and Olivia Gosseries},
  title = {Functional Neuroanatomy of Disorders of Consciousness},
  journal = {Epilepsy \& Behavior},
  year = {2014},
  volume = {30},
  pages = {28--32},
  note = {DOI: 10.1016/j.yebeh.2013.09.014}
}

@article{Giacino2014,
  author = {Joseph T. Giacino and Joseph J. Fins and Steven Laureys and Nicholas D. Schiff},
  title = {Disorders of Consciousness After Acquired Brain Injury: The State of the Science},
  journal = {Nature Reviews Neurology},
  year = {2014},
  volume = {10},
  number = {2},
  pages = {99--114},
  note = {DOI: 10.1038/nrneurol.2013.279}
}

@article{Laureys2004,
  author = {Steven Laureys and Adrian M. Owen and Nicholas D. Schiff},
  title = {Brain Function in Coma, Vegetative State, and Related Disorders},
  journal = {The Lancet Neurology},
  year = {2004},
  volume = {3},
  number = {9},
  pages = {537--546},
  note = {DOI: 10.1016/S1474-4422(04)00852-X}
}

@article{Massimini2005,
  author = {Marcello Massimini and Fabio Ferrarelli and Reto Huber and Steven K. Esser and Harpreet Singh and Giulio Tononi},
  title = {Breakdown of Cortical Effective Connectivity During Sleep},
  journal = {Science},
  year = {2005},
  volume = {309},
  number = {5744},
  pages = {2228--2232},
  note = {DOI: 10.1126/science.1117256}
}

@article{Monti2010,
  author = {Martin M. Monti and Adrian M. Owen and John D. Pickard and David J. Owen and Matthew H. Coleman and Amanda M. Boly and Melanie R. Naci and Steven Laureys and Giulio Tononi},
  title = {Willful Modulation of Brain Activity in Disorders of Consciousness},
  journal = {New England Journal of Medicine},
  year = {2010},
  volume = {362},
  number = {7},
  pages = {579--589},
  note = {DOI: 10.1056/NEJMoa0905370}
}

@article{Owen2006,
  author = {Adrian M. Owen and Martin R. Coleman and Melanie Boly and Matthew H. Davis and Steven Laureys and John D. Pickard},
  title = {Detecting Awareness in the Vegetative State},
  journal = {Science},
  year = {2006},
  volume = {313},
  number = {5792},
  pages = {1402--1402},
  note = {DOI: 10.1126/science.1130197}
}

@article{Schiff2010,
  author = {Nicholas D. Schiff},
  title = {Recovery of Consciousness After Brain Injury: A Mesocircuit Hypothesis},
  journal = {Trends in Neurosciences},
  year = {2010},
  volume = {33},
  number = {1},
  pages = {1--9},
  note = {DOI: 10.1016/j.tins.2009.10.002}
}

@article{Tononi2015,
  author = {Giulio Tononi and Christof Koch},
  title = {Consciousness: Here, There and Everywhere?},
  journal = {Philosophical Transactions of the Royal Society B: Biological Sciences},
  year = {2015},
  volume = {370},
  number = {1668},
  pages = {20140167},
  note = {DOI: 10.1098/rstb.2014.0167}
}

@article{Wijdicks2010,
  author = {Eelco F. Wijdicks},
  title = {The Case Against Confirmatory Tests for Determining Brain Death in Adults},
  journal = {Neurology},
  year = {2010},
  volume = {75},
  number = {1},
  pages = {77--83},
  note = {DOI: 10.1212/WNL.0b013e3181e62123}
}

@book{Young1998,
  author = {G. Bryan Young and Allan H. Ropper and Charles F. Bolton},
  title = {Coma and Impaired Consciousness: A Clinical Perspective},
  publisher = {McGraw-Hill Professional},
  year = {1998},
  note = {ISBN: 9780070723712}
}