@article{Allen2016,
  author = {Markus Allen and Francesco Fardo and Matthew J. Dietz and Henning Hillebrandt and Karl J. Friston and Geraint Rees and Andreas Roepstorff},
  title = {Anterior Insula Coordinates Hierarchical Processing of Tactile Mismatch Responses},
  journal = {NeuroImage},
  year = {2016},
  volume = {127},
  pages = {34--43},
  note = {DOI: 10.1016/j.neuroimage.2015.11.030}
}

@article{Balleine2010,
  author = {Bernard W. Balleine and John P. O'Doherty},
  title = {Human and Rodent Homologies in Action Control: Corticostriatal Determinants of Goal-Directed and Habitual Action},
  journal = {Neuropsychopharmacology},
  year = {2010},
  volume = {35},
  number = {1},
  pages = {48--69},
  note = {DOI: 10.1038/npp.2009.131}
}

@article{Buckner2008,
  author = {Randy L. Buckner and Jessica R. Andrews-Hanna and Daniel L. Schacter},
  title = {The Brain's Default Network: Anatomy, Function, and Relevance to Disease},
  journal = {Annals of the New York Academy of Sciences},
  year = {2008},
  volume = {1124},
  pages = {1--38},
  note = {DOI: 10.1196/annals.1440.011}
}

@article{Dehaene2006,
  author = {Stanislas Dehaene and Jean-Pierre Changeux and Lionel Naccache and Jerome Sackur and Claire Sergent},
  title = {Conscious, Preconscious, and Subliminal Processing: A Testable Taxonomy},
  journal = {Trends in Cognitive Sciences},
  year = {2006},
  volume = {10},
  number = {5},
  pages = {204--211},
  note = {DOI: 10.1016/j.tics.2006.03.007}
}

@article{Fox2005,
  author = {Michael D. Fox and Abraham Z. Snyder and Jason L. Vincent and Maurizio Corbetta and David C. Van Essen and Marcus E. Raichle},
  title = {The Human Brain is Intrinsically Organized into Dynamic, Anticorrelated Functional Networks},
  journal = {PNAS},
  year = {2005},
  volume = {102},
  number = {27},
  pages = {9673--9678},
  note = {DOI: 10.1073/pnas.0504136102}
}

@article{Herculano-Houzel2010,
  author = {Suzana Herculano-Houzel},
  title = {Coordinated Scaling of Cortical and Cerebellar Numbers of Neurons},
  journal = {Frontiers in Neuroanatomy},
  year = {2010},
  volume = {4},
  pages = {12},
  note = {DOI: 10.3389/neuro.05.012.2010}
}

@article{Ito2008,
  author = {Masao Ito},
  title = {Control of Mental Activities by Internal Models in the Cerebellum},
  journal = {Nature Reviews Neuroscience},
  year = {2008},
  volume = {9},
  number = {4},
  pages = {304--313},
  note = {DOI: 10.1038/nrn2332}
}

@article{Lou2004,
  author = {Hans C. Lou et al.},
  title = {Parietal Cortex and Representation of the Mental Self},
  journal = {PNAS},
  year = {2004},
  volume = {101},
  number = {17},
  pages = {6827--6832},
  note = {DOI: 10.1073/pnas.0400049101}
}

@article{Parvizi2001,
  author = {Josef Parvizi and Antonio Damasio},
  title = {Consciousness and the Brainstem},
  journal = {Cognition},
  year = {2001},
  volume = {79},
  number = {1-2},
  pages = {135--160},
  note = {DOI: 10.1016/S0010-0277(00)00127-X}
}

@article{Schmahmann2019,
  author = {Jeremy D. Schmahmann},
  title = {The Cerebellum and Cognition},
  journal = {Neuroscience Letters},
  year = {2019},
  volume = {688},
  pages = {62--75},
  note = {DOI: 10.1016/j.neulet.2018.07.005}
}

@article{Shulman1997,
  author = {Gordon L. Shulman et al.},
  title = {Common Blood Flow Changes Across Visual Tasks: II. Decreases in Cerebral Cortex},
  journal = {Journal of Cognitive Neuroscience},
  year = {1997},
  volume = {9},
  number = {5},
  pages = {648--663},
  note = {DOI: 10.1162/jocn.1997.9.5.648}
}

@article{Tononi2016,
  author = {Giulio Tononi and Melanie Boly and Marcello Massimini and Christof Koch},
  title = {Integrated Information Theory: From Consciousness to Its Physical Substrate},
  journal = {Nature Reviews Neuroscience},
  year = {2016},
  volume = {17},
  number = {7},
  pages = {450--461},
  note = {DOI: 10.1038/nrn.2016.44}
}

@article{Vogt2005,
  author = {Brent A. Vogt and Steven Laureys},
  title = {Posterior Cingulate, Precuneal and Retrosplenial Cortices: Cytology and Components of the Neural Network Correlates of Consciousness},
  journal = {Progress in Brain Research},
  year = {2005},
  volume = {150},
  pages = {205--217},
  note = {DOI: 10.1016/S0079-6123(05)50015-3}
}

@article{Yu2015,
  author = {Fang Yu et al.},
  title = {A New Case of Complete Primary Cerebellar Agenesis: Clinical and Imaging Findings in a Living Patient},
  journal = {Brain},
  year = {2015},
  volume = {138},
  number = {6},
  pages = {e353},
  note = {DOI: 10.1093/brain/awv121}
}