@article{Alkire2008,
  author = {Michael T. Alkire and Anthony G. Hudetz and Giulio Tononi},
  title = {Consciousness and Anesthesia},
  journal = {Science},
  year = {2008},
  volume = {322},
  number = {5903},
  pages = {876--880},
  note = {DOI: 10.1126/science.1149213}
}

@article{Brown2010,
  author = {Emery N. Brown and Ralph Lydic and Nicholas D. Schiff},
  title = {General Anesthesia, Sleep, and Coma},
  journal = {New England Journal of Medicine},
  year = {2010},
  volume = {363},
  number = {27},
  pages = {2638--2650},
  note = {DOI: 10.1056/NEJMra0808281}
}

@article{Franks2008,
  author = {Nicholas P. Franks},
  title = {General Anaesthesia: From Molecular Targets to Neuronal Pathways of Sleep and Arousal},
  journal = {Nature Reviews Neuroscience},
  year = {2008},
  volume = {9},
  number = {5},
  pages = {370--386},
  note = {DOI: 10.1038/nrn2372}
}

@article{Hameroff2014,
  author = {Stuart Hameroff and Roger Penrose},
  title = {Consciousness in the Universe: A Review of the 'Orch OR' Theory},
  journal = {Physics of Life Reviews},
  year = {2014},
  volume = {11},
  number = {1},
  pages = {39--78},
  note = {DOI: 10.1016/j.plrev.2013.08.002}
}

@article{Hudson2014,
  author = {Alexander E. Hudson and D. P. Calderon and Donald W. Pfaff and Alex Proekt},
  title = {Recovery of Consciousness is Mediated by a Network of Discrete Metastable Activity States},
  journal = {PNAS},
  year = {2014},
  volume = {111},
  number = {25},
  pages = {9283--9288},
  note = {DOI: 10.1073/pnas.1408296111}
}

@article{John2005,
  author = {Edgar R. John and Leslie S. Prichep},
  title = {The Anesthetic Cascade: A Theory of How Anesthesia Suppresses Consciousness},
  journal = {Anesthesiology},
  year = {2005},
  volume = {102},
  number = {2},
  pages = {447--471},
  note = {DOI: 10.1097/00000542-200502000-00025}
}

@article{Lee2013,
  author = {UnCheol Lee et al.},
  title = {Disruption of Frontal-Parietal Communication by Ketamine, Propofol, and Sevoflurane},
  journal = {Anesthesiology},
  year = {2013},
  volume = {118},
  number = {6},
  pages = {1264--1275},
  note = {DOI: 10.1097/ALN.0b013e31829103f5}
}

@article{Lewis2012,
  author = {Lauren D. Lewis et al.},
  title = {Rapid Fragmentation of Neuronal Networks at the Onset of Propofol-Induced Unconsciousness},
  journal = {PNAS},
  year = {2012},
  volume = {109},
  number = {49},
  pages = {E3377--E3386},
  note = {DOI: 10.1073/pnas.1210907109}
}

@article{Mashour2017,
  author = {George A. Mashour and Anthony G. Hudetz},
  title = {Bottom-Up and Top-Down Mechanisms of General Anesthetics Modulate Different Dimensions of Consciousness},
  journal = {Frontiers in Neural Circuits},
  year = {2017},
  volume = {11},
  pages = {44},
  note = {DOI: 10.3389/fncir.2017.00044}
}

@article{Purdon2013,
  author = {Patrick L. Purdon et al.},
  title = {Electroencephalogram Signatures of Loss and Recovery of Consciousness from Propofol},
  journal = {PNAS},
  year = {2013},
  volume = {110},
  number = {12},
  pages = {E1142--E1151},
  note = {DOI: 10.1073/pnas.1221180110}
}

@article{Sanders2012,
  author = {Robert D. Sanders and Giulio Tononi and Steven Laureys and Jeffrey W. Sleigh},
  title = {Unresponsiveness {$\neq$} Unconsciousness},
  journal = {Anesthesiology},
  year = {2012},
  volume = {116},
  number = {4},
  pages = {946--959},
  note = {DOI: 10.1097/ALN.0b013e318249d0a7}
}

@article{Steriade2003,
  author = {Mircea Steriade and Igor Timofeev},
  title = {Neuronal Plasticity in Thalamocortical Networks During Sleep and Waking Oscillations},
  journal = {Neuron},
  year = {2003},
  volume = {37},
  number = {4},
  pages = {563--576},
  note = {DOI: 10.1016/S0896-6273(03)00065-5}
}

@article{Tonner2017,
  author = {Peter H. Tonner and Keith W. Miller},
  title = {Molecular Sites of General Anaesthetic Action on Acetylcholine Receptors},
  journal = {European Journal of Anaesthesiology},
  year = {2017},
  volume = {34},
  number = {6},
  pages = {315--320},
  note = {DOI: 10.1097/EJA.0000000000000602}
}

@article{Uhrig2018,
  author = {Lionel Uhrig et al.},
  title = {Resting-State Dynamics as a Cortical Signature of Anesthesia in Monkeys},
  journal = {Anesthesiology},
  year = {2018},
  volume = {129},
  number = {5},
  pages = {942--958},
  note = {DOI: 10.1097/ALN.0000000000002372}
}