@article{CarhartHarris2019,
  author = {Robin L. Carhart-Harris and Karl J. Friston},
  title = {REBUS and the Anarchic Brain: Toward a Unified Model of the Brain Action of Psychedelics},
  journal = {Pharmacological Reviews},
  year = {2019},
  volume = {71},
  number = {3},
  pages = {316--344},
  note = {DOI: 10.1124/pr.118.017160}
}

@article{Dittrich2010,
  author = {Adrian Dittrich and David Lamparter and Manfred Maurer},
  title = {On the Assessment of Altered States of Consciousness: The 5D-ASC Questionnaire},
  journal = {SAGE Open},
  year = {2010},
  volume = {2},
  number = {1},
  pages = {1--12},
  note = {DOI: 10.1177/2158244013490310}
}

@book{Eliade1964,
  author = {Mircea Eliade},
  title = {Shamanism: Archaic Techniques of Ecstasy},
  publisher = {Princeton University Press},
  year = {1964},
  note = {ISBN: 9780691119427}
}

@book{Farthing1992,
  author = {G. William Farthing},
  title = {The Psychology of Consciousness},
  publisher = {Prentice Hall},
  year = {1992},
  note = {ISBN: 9780137328330}
}

@book{Grof2019,
  author = {Stanislav Grof},
  title = {The Way of the Psychonaut: Encyclopedia for Inner Journeys},
  volume = {1},
  publisher = {MAPS},
  year = {2019},
  note = {ISBN: 9780998276529}
}

@incollection{Hobson2007,
  author = {J. Allan Hobson},
  title = {Normal and Abnormal States of Consciousness},
  booktitle = {The Blackwell Companion to Consciousness},
  editor = {Max Velmans and Susan Schneider},
  pages = {101--113},
  publisher = {Blackwell Publishing},
  year = {2007},
  note = {ISBN: 9780470751459}
}

@article{Ludwig1966,
  author = {Arnold M. Ludwig},
  title = {Altered States of Consciousness},
  journal = {Archives of General Psychiatry},
  year = {1966},
  volume = {15},
  number = {3},
  pages = {225--234},
  note = {DOI: 10.1001/archpsyc.1966.01730150001001}
}

@book{Metzner2005,
  author = {Ralph Metzner},
  title = {Sacred Vine of Spirits: Ayahuasca},
  publisher = {Park Street Press},
  year = {2005},
  note = {ISBN: 9780892811315}
}

@article{Nichols2016,
  author = {David E. Nichols},
  title = {Psychedelics},
  journal = {Pharmacological Reviews},
  year = {2016},
  volume = {68},
  number = {2},
  pages = {264--355},
  note = {DOI: 10.1124/pr.115.011478}
}

@article{Preller2018,
  author = {Katrin H. Preller and Franz X. Vollenweider},
  title = {Phenomenology, Structure, and Dynamic of Psychedelic States},
  journal = {Current Topics in Behavioral Neurosciences},
  year = {2018},
  volume = {36},
  pages = {221--256},
  note = {DOI: 10.1007/7854\_2017\_474}
}

@article{Tart1972,
  author = {Charles T. Tart},
  title = {States of Consciousness and State-Specific Sciences},
  journal = {Science},
  year = {1972},
  volume = {176},
  number = {4040},
  pages = {1203--1210},
  note = {DOI: 10.1126/science.176.4040.1203}
}

@article{Vaitl2005,
  author = {Dietrich Vaitl et al.},
  title = {Psychobiology of Altered States of Consciousness},
  journal = {Psychological Bulletin},
  year = {2005},
  volume = {131},
  number = {1},
  pages = {98--127},
  note = {DOI: 10.1037/0033-2909.131.1.98}
}

@article{Vollenweider2020,
  author = {Franz X. Vollenweider and Katrin H. Preller},
  title = {Psychedelic Drugs: Neurobiology and Potential for Treatment of Psychiatric Disorders},
  journal = {Nature Reviews Neuroscience},
  year = {2020},
  volume = {21},
  number = {11},
  pages = {611--624},
  note = {DOI: 10.1038/s41583-020-0367-2}
}

@book{Winkelman2010,
  author = {Michael Winkelman},
  title = {Shamanism: A Biopsychosocial Paradigm of Consciousness and Healing},
  publisher = {ABC-CLIO},
  year = {2010},
  note = {ISBN: 9780313381813}
}

@incollection{Wulff2014,
  author = {David M. Wulff},
  title = {Mystical Experience},
  booktitle = {Varieties of Anomalous Experience: Examining the Scientific Evidence},
  editor = {Etzel Cardena and Steven Jay Lynn and Stanley Krippner},
  pages = {397--440},
  publisher = {American Psychological Association},
  year = {2014},
  note = {ISBN: 9781433815294}
}

@book{Zinberg1984,
  author = {Norman E. Zinberg},
  title = {Drug, Set, and Setting: The Basis for Controlled Intoxicant Use},
  publisher = {Yale University Press},
  year = {1984},
  note = {ISBN: 9780300036347}
}