@book{Becker2004,
  author    = {Judith Becker},
  title     = {Deep Listeners: Music, Emotion, and Trancing},
  publisher = {Indiana University Press},
  year      = {2004},
  note      = {ISBN: 9780253217036}
}

@book{Bourguignon1973,
  author    = {Erika Bourguignon},
  title     = {Religion, Altered States of Consciousness, and Social Change},
  publisher = {Ohio State University Press},
  year      = {1973},
  note      = {ISBN: 9780814201671}
}

@book{Crapanzano1973,
  author    = {Vincent Crapanzano},
  title     = {The Hamadsha: A Study in Moroccan Ethnopsychiatry},
  publisher = {University of California Press},
  year      = {1973},
  note      = {ISBN: 9780520020891}
}

@book{DeHeusch1981,
  author    = {Luc De Heusch},
  title     = {Why Marry Her? Society and Symbolic Structures},
  publisher = {Cambridge University Press},
  year      = {1981},
  note      = {ISBN: 9780521234235}
}

@article{Fachner2004,
  author    = {J{\"o}rg Fachner and Sabine Rittner},
  title     = {Sound and Trance in a Ritualistic Setting Visualised with EEG Brainmapping},
  journal   = {Music Therapy Today},
  year      = {2004},
  volume    = {5},
  number    = {2},
  pages     = {1--32}
}

@book{Goodman1988,
  author    = {Felicia D. Goodman},
  title     = {Ecstasy, Ritual and Alternate Reality: Religion in a Pluralistic World},
  publisher = {Indiana University Press},
  year      = {1988},
  note      = {ISBN: 9780253204692}
}

@article{Hageman2011,
  author    = {J. J. Hageman and Stanley Krippner and Ian Wickramasekera},
  title     = {Across Cultural Boundaries: Psychophysiological Responses, Absorption, and Trance States in Shamanic Journeying Versus Meditation},
  journal   = {Journal of Transpersonal Research},
  year      = {2011},
  volume    = {3},
  number    = {2},
  pages     = {15--36}
}

@book{Houseman1998,
  author    = {Michael Houseman and Carlo Severi},
  title     = {Naven or the Other Self: A Relational Approach to Ritual Action},
  publisher = {Brill},
  year      = {1998},
  note      = {ISBN: 9789004109470}
}

@book{Jilek1982,
  author    = {Wolfgang G. Jilek},
  title     = {Indian Healing: Shamanic Ceremonialism in the Pacific Northwest Today},
  publisher = {Hancock House Publishers},
  year      = {1982},
  note      = {ISBN: 9780888391261}
}

@book{Lapassade1990,
  author    = {Georges Lapassade},
  title     = {La Transe},
  publisher = {Presses Universitaires de France},
  year      = {1990},
  note      = {ISBN: 9782130435541}
}

@book{Lewis2003,
  author    = {I. M. Lewis},
  title     = {Ecstatic Religion: A Study of Shamanism and Spirit Possession},
  publisher = {Routledge},
  year      = {2003},
  note      = {ISBN: 9780415301246}
}

@book{Rouget1985,
  author    = {Gilbert Rouget},
  title     = {Music and Trance: A Theory of the Relations Between Music and Possession},
  publisher = {University of Chicago Press},
  year      = {1985},
  note      = {ISBN: 9780226730054}
}

@book{Turner1992,
  author    = {Edith Turner},
  title     = {Experiencing Ritual: A New Interpretation of African Healing},
  publisher = {University of Pennsylvania Press},
  year      = {1992},
  note      = {ISBN: 9780812213966}
}

@incollection{VanDerWalde1968,
  author    = {P. Y. Van der Walde},
  title     = {Trance States and Ego Psychology},
  booktitle = {Trance and Possession States},
  editor    = {Raymond Prince},
  pages     = {57--68},
  publisher = {R. M. Bucke Memorial Society},
  year      = {1968}
}

@book{Wier2009,
  author    = {Dennis Wier},
  title     = {Trance: From Magic to Technology},
  publisher = {Trans Media},
  year      = {2009},
  note      = {ISBN: 9780972471962}
}