@article{Barnett2008,
  author    = {K. J. Barnett and F. N. Newell},
  title     = {Synaesthesia is Associated with Enhanced, Self-Rated Visual Imagery},
  journal   = {Consciousness and Cognition},
  year      = {2008},
  volume    = {17},
  number    = {3},
  pages     = {1032--1039},
  note      = {DOI: 10.1016/j.concog.2007.05.011}
}

@book{Cytowic2009,
  author    = {Richard E. Cytowic and David M. Eagleman},
  title     = {Wednesday is Indigo Blue: Discovering the Brain of Synesthesia},
  publisher = {MIT Press},
  year      = {2009},
  note      = {ISBN: 9780262012792}
}

@article{Dixon2004,
  author    = {Michael J. Dixon and Deborah Smilek and Philip M. Merikle},
  title     = {Not All Synaesthetes Are Created Equal: Projector Versus Associator Synaesthetes},
  journal   = {Cognitive, Affective, \& Behavioral Neuroscience},
  year      = {2004},
  volume    = {4},
  number    = {3},
  pages     = {335--343},
  note      = {DOI: 10.3758/CABN.4.3.335}
}

@article{Eagleman2009,
  author    = {David M. Eagleman and Melvyn A. Goodale},
  title     = {Why Color Synesthesia Involves More Than Color},
  journal   = {Trends in Cognitive Sciences},
  year      = {2009},
  volume    = {13},
  number    = {7},
  pages     = {288--292},
  note      = {DOI: 10.1016/j.tics.2009.03.009}
}

@article{Grossenbacher2001,
  author    = {Peter G. Grossenbacher and Christopher T. Lovelace},
  title     = {Mechanisms of Synesthesia: Cognitive and Physiological Constraints},
  journal   = {Trends in Cognitive Sciences},
  year      = {2001},
  volume    = {5},
  number    = {1},
  pages     = {36--41},
  note      = {DOI: 10.1016/S1364-6613(00)01571-0}
}

@article{Hubbard2005,
  author    = {Edward M. Hubbard and V. S. Ramachandran},
  title     = {Neurocognitive Mechanisms of Synesthesia},
  journal   = {Neuron},
  year      = {2005},
  volume    = {48},
  number    = {3},
  pages     = {509--520},
  note      = {DOI: 10.1016/j.neuron.2005.10.012}
}

@article{Kadosh2007,
  author    = {Roi Cohen Kadosh and Avishai Henik},
  title     = {Can Synaesthesia Research Inform Cognitive Science?},
  journal   = {Trends in Cognitive Sciences},
  year      = {2007},
  volume    = {11},
  number    = {4},
  pages     = {177--184},
  note      = {DOI: 10.1016/j.tics.2007.01.003}
}

@article{Mattingley2001,
  author    = {Jason B. Mattingley and Anina N. Rich and Grace Yelland and John L. Bradshaw},
  title     = {Unconscious Priming Eliminates Automatic Binding of Colour and Alphanumeric Form in Synaesthesia},
  journal   = {Nature},
  year      = {2001},
  volume    = {410},
  number    = {6828},
  pages     = {580--582},
  note      = {DOI: 10.1038/35069062}
}

@article{Nunn2002,
  author    = {John A. Nunn et al.},
  title     = {Functional Magnetic Resonance Imaging of Synesthesia: Activation of V4/V8 by Spoken Words},
  journal   = {Nature Neuroscience},
  year      = {2002},
  volume    = {5},
  number    = {4},
  pages     = {371--375},
  note      = {DOI: 10.1038/nn818}
}

@article{Ramachandran2001,
  author    = {V. S. Ramachandran and Edward M. Hubbard},
  title     = {Synaesthesia: A Window into Perception, Thought and Language},
  journal   = {Journal of Consciousness Studies},
  year      = {2001},
  volume    = {8},
  number    = {12},
  pages     = {3--34}
}

@article{Rouw2007,
  author    = {Roos Rouw and H. Steven Scholte},
  title     = {Increased Structural Connectivity in Grapheme-Color Synesthesia},
  journal   = {Nature Neuroscience},
  year      = {2007},
  volume    = {10},
  number    = {6},
  pages     = {792--797},
  note      = {DOI: 10.1038/nn1906}
}

@article{Simner2012,
  author    = {Julia Simner},
  title     = {Defining Synaesthesia},
  journal   = {British Journal of Psychology},
  year      = {2012},
  volume    = {103},
  number    = {1},
  pages     = {1--15},
  note      = {DOI: 10.1111/j.2044-8295.2011.02071.x}
}

@article{Ward2013,
  author    = {Jamie Ward},
  title     = {Synesthesia},
  journal   = {Annual Review of Psychology},
  year      = {2013},
  volume    = {64},
  pages     = {49--75},
  note      = {DOI: 10.1146/annurev-psych-113011-143840}
}

@article{Watson2012,
  author    = {Margaret R. Watson and Karina A. Akins and James T. Enns},
  title     = {Second-Order Mappings in Graphemeâ€“Color Synesthesia},
  journal   = {Psychonomic Bulletin \& Review},
  year      = {2012},
  volume    = {19},
  number    = {2},
  pages     = {211--217},
  note      = {DOI: 10.3758/s13423-011-0194-6}
}