@book{Bayne2011,
  author    = {Tim Bayne and Michelle Montague},
  title     = {Cognitive Phenomenology},
  publisher = {Oxford University Press},
  year      = {2011},
  note      = {ISBN: 9780199579938}
}

@book{Chalmers1996,
  author    = {David J. Chalmers},
  title     = {The Conscious Mind: In Search of a Fundamental Theory},
  publisher = {Oxford University Press},
  year      = {1996},
  note      = {ISBN: 9780195117899}
}

@book{Clark2016,
  author    = {Andy Clark},
  title     = {Surfing Uncertainty: Prediction, Action, and the Embodied Mind},
  publisher = {Oxford University Press},
  year      = {2016},
  note      = {ISBN: 9780190217013}
}

@book{Damasio2000,
  author    = {Antonio R. Damasio},
  title     = {The Feeling of What Happens: Body and Emotion in the Making of Consciousness},
  publisher = {Harvest Books},
  year      = {2000},
  note      = {ISBN: 9780156010757}
}

@book{Gallagher2012,
  author    = {Shaun Gallagher and Dan Zahavi},
  title     = {The Phenomenological Mind},
  edition   = {2nd},
  publisher = {Routledge},
  year      = {2012},
  note      = {ISBN: 9780415610360}
}

@book{Hohwy2013,
  author    = {Jakob Hohwy},
  title     = {The Predictive Mind},
  publisher = {Oxford University Press},
  year      = {2013},
  note      = {ISBN: 9780199682737}
}

@book{MerleauPonty2012,
  author    = {Maurice Merleau-Ponty},
  title     = {Phenomenology of Perception},
  edition   = {Translated by Donald A. Landes},
  publisher = {Routledge},
  year      = {2012},
  note      = {Original work published 1945; ISBN: 9780415558693}
}

@article{Nagel1974,
  author    = {Thomas Nagel},
  title     = {What is it Like to Be a Bat?},
  journal   = {The Philosophical Review},
  year      = {1974},
  volume    = {83},
  number    = {4},
  pages     = {435--450},
  note      = {DOI: 10.2307/2183914}
}

@book{Noe2004,
  author    = {Alva NoÃ«},
  title     = {Action in Perception},
  publisher = {MIT Press},
  year      = {2004},
  note      = {ISBN: 9780262140886}
}

@article{Searle2000,
  author    = {John R. Searle},
  title     = {Consciousness},
  journal   = {Annual Review of Neuroscience},
  year      = {2000},
  volume    = {23},
  number    = {1},
  pages     = {557--578},
  note      = {DOI: 10.1146/annurev.neuro.23.1.557}
}

@book{Thompson2007,
  author    = {Evan Thompson},
  title     = {Mind in Life: Biology, Phenomenology, and the Sciences of Mind},
  publisher = {Harvard University Press},
  year      = {2007},
  note      = {ISBN: 9780674025110}
}

@article{Tononi2015,
  author    = {Giulio Tononi and Christof Koch},
  title     = {Consciousness: Here, There and Everywhere?},
  journal   = {Philosophical Transactions of the Royal Society B: Biological Sciences},
  year      = {2015},
  volume    = {370},
  number    = {1668},
  pages     = {20140167},
  note      = {DOI: 10.1098/rstb.2014.0167}
}

@book{Varela1991,
  author    = {Francisco J. Varela and Evan Thompson and Eleanor Rosch},
  title     = {The Embodied Mind: Cognitive Science and Human Experience},
  publisher = {MIT Press},
  year      = {1991},
  note      = {ISBN: 9780262720217}
}

@book{Zahavi2005,
  author    = {Dan Zahavi},
  title     = {Subjectivity and Selfhood: Investigating the First-Person Perspective},
  publisher = {MIT Press},
  year      = {2005},
  note      = {ISBN: 9780262240517}
}