@article{Barandiaran2009,
  author = {Xabier E. Barandiarán and Ezequiel Di Paolo and Michael Rohde},
  title = {Defining Agency: Individuality, Normativity, Asymmetry, and Spatio-Temporality in Action},
  journal = {Adaptive Behavior},
  year = {2009},
  volume = {17},
  number = {5},
  pages = {367--386},
  note = {DOI: 10.1177/1059712309343819}
}

@book{Clark2003,
  author = {Andy Clark},
  title = {Natural-Born Cyborgs: Minds, Technologies, and the Future of Human Intelligence},
  publisher = {Oxford University Press},
  year = {2003},
  note = {ISBN: 978-0195148662}
}

@book{Deacon2011,
  author = {Terrence W. Deacon},
  title = {Incomplete Nature: How Mind Emerged from Matter},
  publisher = {W.W. Norton \& Company},
  year = {2011},
  note = {ISBN: 978-0393049916}
}

@book{Dennett2003,
  author = {Daniel C. Dennett},
  title = {Freedom Evolves},
  publisher = {Viking Press},
  year = {2003},
  note = {ISBN: 978-0670031863}
}

@book{Ellis2016,
  author = {George F. R. Ellis},
  title = {How Can Physics Underlie the Mind? Top-Down Causation in the Human Context},
  publisher = {Springer},
  year = {2016},
  note = {ISBN: 978-3642322630}
}

@article{Frankfurt1971,
  author = {Harry G. Frankfurt},
  title = {Freedom of the Will and the Concept of a Person},
  journal = {The Journal of Philosophy},
  year = {1971},
  volume = {68},
  number = {1},
  pages = {5--20},
  note = {DOI: 10.2307/2024717}
}

@book{Juarrero1999,
  author = {Alicia Juarrero},
  title = {Dynamics in Action: Intentional Behavior as a Complex System},
  publisher = {MIT Press},
  year = {1999},
  note = {ISBN: 978-0262600472}
}

@book{Kane1996,
  author = {Robert Kane},
  title = {The Significance of Free Will},
  publisher = {Oxford University Press},
  year = {1996},
  note = {ISBN: 978-0195126561}
}

@book{Kauffman2000,
  author = {Stuart A. Kauffman},
  title = {Investigations},
  publisher = {Oxford University Press},
  year = {2000},
  note = {ISBN: 978-0195121054}
}

@book{Kelso1995,
  author = {J. A. Scott Kelso},
  title = {Dynamic Patterns: The Self-Organization of Brain and Behavior},
  publisher = {MIT Press},
  year = {1995},
  note = {ISBN: 978-0262611317}
}

@book{Mele2009,
  author = {Alfred R. Mele},
  title = {Effective Intentions: The Power of Conscious Will},
  publisher = {Oxford University Press},
  year = {2009},
  note = {ISBN: 978-0195384268}
}

@book{Noe2009,
  author = {Alva Noë},
  title = {Out of Our Heads: Why You Are Not Your Brain, and Other Lessons from the Biology of Consciousness},
  publisher = {Hill and Wang},
  year = {2009},
  note = {ISBN: 978-0809016488}
}

@book{OConnor2000,
  author = {Timothy O'Connor},
  title = {Persons and Causes: The Metaphysics of Free Will},
  publisher = {Oxford University Press},
  year = {2000},
  note = {ISBN: 978-0195132371}
}

@book{Thompson2007,
  author = {Evan Thompson},
  title = {Mind in Life: Biology, Phenomenology, and the Sciences of Mind},
  publisher = {Harvard University Press},
  year = {2007},
  note = {ISBN: 978-0674057517}
}

@book{Varela1991,
  author = {Francisco J. Varela and Evan Thompson and Eleanor Rosch},
  title = {The Embodied Mind: Cognitive Science and Human Experience},
  publisher = {MIT Press},
  year = {1991},
  note = {ISBN: 978-0262720217}
}

@book{Walter2001,
  author = {Henrik Walter},
  title = {Neurophilosophy of Free Will: From Libertarian Illusions to a Concept of Natural Autonomy},
  publisher = {MIT Press},
  year = {2001},
  note = {ISBN: 978-0262232185}
}

@book{Clark2001,
  author    = {Andy Clark},
  title     = {Mindware: An Introduction to the Philosophy of Cognitive Science},
  publisher = {Oxford University Press},
  year      = {2001},
  note      = {ISBN: 978-0195138573}
}

@book{Taylor1985,
  author    = {Charles Taylor},
  title     = {Philosophical Papers: Volume 1, Human Agency and Language},
  publisher = {Cambridge University Press},
  year      = {1985},
  note      = {ISBN: 978-0521317504}
}

@article{Bandura2001,
  author    = {Albert Bandura},
  title     = {Social Cognitive Theory: An Agentic Perspective},
  journal   = {Annual Review of Psychology},
  volume    = {52},
  pages     = {1--26},
  year      = {2001},
  note       = {DOI: 10.1146/annurev.psych.52.1.1}
}
