@article{Davidoff2015,
  author    = {Jules Davidoff},
  title     = {Color categories: Evidence for the cultural relativity hypothesis},
  journal   = {Behavioral and Brain Sciences},
  year      = {2015},
  volume    = {38},
  pages     = {e169},
  note      = {DOI: 10.1017/S0140525X1400004X}
}

@article{ConwayLivingstone2021,
  author    = {Bevil R. Conway and Margaret S. Livingstone},
  title     = {A different hue of consciousness: The biological basis of color perception},
  journal   = {Trends in Cognitive Sciences},
  year      = {2021},
  volume    = {25},
  number    = {8},
  pages     = {643--645},
  note      = {DOI: 10.1016/j.tics.2021.05.007}
}

@incollection{Jameson2010,
  author    = {Kimberly A. Jameson},
  title     = {Where in the World Color Survey is the support for the Hering Primaries as the basis for color categorization?},
  booktitle = {Color Ontology and Color Science},
  editor    = {Jonathan Cohen and Mohan Matthen},
  publisher = {MIT Press},
  year      = {2010},
  pages     = {179--202},
  note      = {ISBN: 9780262013853}
}

@article{JordanMollon1993,
  author    = {Graham Jordan and John D. Mollon},
  title     = {A study of women heterozygous for colour deficiencies},
  journal   = {Vision Research},
  year      = {1993},
  volume    = {33},
  number    = {11},
  pages     = {1495--1508},
  note      = {DOI: 10.1016/0042-6989(93)90025-Q}
}

@book{MacLaury1997,
  author    = {Robert E. MacLaury},
  title     = {Color and Cognition in Mesoamerica: Constructing Categories as Vantages},
  publisher = {University of Texas Press},
  year      = {1997},
  note      = {ISBN: 9780292752122}
}

@article{KayRegier2003,
  author    = {Paul Kay and Terry Regier},
  title     = {Resolving the question of color naming universals},
  journal   = {Proceedings of the National Academy of Sciences},
  year      = {2003},
  volume    = {100},
  number    = {15},
  pages     = {9085--9089},
  note      = {DOI: 10.1073/pnas.1532837100}
}

@article{Jordan2010,
  author    = {Gabriele Jordan and Samir S. Deeb and Jenny M. Bosten and J. D. Mollon},
  title     = {The dimensionality of color vision in carriers of anomalous trichromacy},
  journal   = {Journal of Vision},
  year      = {2010},
  volume    = {10},
  number    = {8},
  pages     = {12--12},
  note      = {DOI: 10.1167/10.8.12}
}

@article{Jacobs2018,
  author    = {Gerald H. Jacobs},
  title     = {Photopigments and the dimensionality of animal color vision},
  journal   = {Neuroscience \& Biobehavioral Reviews},
  year      = {2018},
  volume    = {86},
  pages     = {108--130},
  note      = {DOI: 10.1016/j.neubiorev.2017.12.006}
}

@article{Jameson2001,
  author    = {Kimberly A. Jameson and Susan M. Highnote and Linda M. Wasserman},
  title     = {Richer color experience in observers with multiple photopigment opsin genes},
  journal   = {Psychonomic Bulletin \& Review},
  year      = {2001},
  volume    = {8},
  number    = {2},
  pages     = {244--261},
  note      = {DOI: 10.3758/BF03196159}
}

@incollection{Neitz2017,
  author    = {Jay Neitz and Maureen Neitz},
  title     = {Evolution of colour vision},
  booktitle = {Human Color Vision},
  editor    = {J. Kremers and R. Baraas and J. Marshall},
  publisher = {Springer},
  year      = {2017},
  pages     = {481--515},
  note      = {ISBN: 9783319449787}
}

@article{Wilkins2020,
  author    = {Arnold J. Wilkins and G. E. Meyer},
  title     = {Birds can see a fourth primary color humans cannotâ€”just ask a female zebra finch},
  journal   = {Journal of Comparative Physiology A},
  year      = {2020},
  volume    = {206},
  pages     = {425--439},
  note      = {DOI: 10.1007/s00359-020-01413-5}
}

@article{Bowmaker2008,
  author    = {James K. Bowmaker},
  title     = {Evolution of vertebrate visual pigments},
  journal   = {Vision Research},
  year      = {2008},
  volume    = {48},
  number    = {20},
  pages     = {2022--2041},
  note      = {DOI: 10.1016/j.visres.2008.03.025}
}

@article{ByrneHilbert2017,
  author    = {Alex Byrne and David R. Hilbert},
  title     = {Color relationalism and relativism},
  journal   = {Topics in Cognitive Science},
  year      = {2017},
  volume    = {9},
  number    = {1},
  pages     = {172--192},
  note      = {DOI: 10.1111/tops.12243}
}

@article{Palmer1999,
  author    = {Stephen E. Palmer},
  title     = {Color, consciousness, and the isomorphism constraint},
  journal   = {Behavioral and Brain Sciences},
  year      = {1999},
  volume    = {22},
  number    = {6},
  pages     = {923--943},
  note      = {DOI: 10.1017/S0140525X99002216}
}

@article{Provenzi2020,
  author    = {Edoardo Provenzi},
  title     = {Geometry of color perception. Part 1: Structures and metrics of a homogeneous color space},
  journal   = {The Journal of Mathematical Neuroscience},
  year      = {2020},
  volume    = {10},
  number    = {1},
  pages     = {1--19},
  note      = {DOI: 10.1186/s13408-020-00084-x}
}

@article{Block1990,
  author    = {Ned Block},
  title     = {Inverted Earth},
  journal   = {Philosophical Perspectives},
  year      = {1990},
  volume    = {4},
  pages     = {53--79},
  note      = {DOI: 10.2307/2214187}
}

@book{Thompson1995,
  author    = {Evan Thompson},
  title     = {Colour Vision: A Study in Cognitive Science and the Philosophy of Perception},
  publisher = {Routledge},
  year      = {1995},
  note      = {ISBN: 9780415117968}
}

@book{HarrisonBaronCohen1997,
  editor    = {John E. Harrison and Simon Baron-Cohen},
  title     = {Synaesthesia: Classic and Contemporary Readings},
  publisher = {Blackwell},
  year      = {1997},
  note      = {ISBN: 9780631197645}
}

@article{VanBrakel1993,
  author    = {Jaap van Brakel},
  title     = {The Plasticity of Categories: The Case of Colour},
  journal   = {British Journal for the Philosophy of Science},
  year      = {1993},
  volume    = {44},
  number    = {1},
  pages     = {103--135},
  note      = {DOI: 10.1093/bjps/44.1.103}
}

@book{Tye2000,
  author    = {Michael Tye},
  title     = {Consciousness, Color, and Content},
  publisher = {MIT Press},
  year      = {2000},
  note      = {ISBN: 9780262201292}
}

@article{Kay2003,
  author    = {Paul Kay and Terry Regier},
  title     = {Resolving the question of color naming universals},
  journal   = {Proceedings of the National Academy of Sciences},
  year      = {2003},
  volume    = {100},
  number    = {15},
  pages     = {9085--9089},
  note      = {DOI: 10.1073/pnas.1532837100}
}