@article{Bessero2014,
  author    = {Anthony C. Bessero and Gordon T. Plant},
  title     = {Should 'Visual Snow' and Persistence of After-Images Be Recognised as a New Visual Syndrome?},
  journal   = {Journal of Neurology, Neurosurgery \& Psychiatry},
  year      = {2014},
  volume    = {85},
  number    = {9},
  pages     = {1057--1058},
  note      = {DOI: 10.1136/jnnp-2014-307694}
}

@article{Clark2013,
  author    = {Andy Clark},
  title     = {Whatever Next? Predictive Brains, Situated Agents, and the Future of Cognitive Science},
  journal   = {Behavioral and Brain Sciences},
  year      = {2013},
  volume    = {36},
  number    = {3},
  pages     = {181--204},
  note      = {DOI: 10.1017/S0140525X12000477}
}

@article{Friston2009,
  author    = {Karl Friston and Stefan Kiebel},
  title     = {Predictive Coding Under the Free-Energy Principle},
  journal   = {Philosophical Transactions of the Royal Society B: Biological Sciences},
  year      = {2009},
  volume    = {364},
  number    = {1521},
  pages     = {1211--1221},
  note      = {DOI: 10.1098/rstb.2008.0300}
}

@article{Lauschke2016,
  author    = {Jan L. Lauschke and Gordon T. Plant and Christopher L. Fraser},
  title     = {Visual Snow: A Thalamocortical Dysrhythmia of the Visual Pathway?},
  journal   = {Journal of Clinical Neuroscience},
  year      = {2016},
  volume    = {28},
  pages     = {123--127},
  note      = {DOI: 10.1016/j.jocn.2015.12.008}
}

@book{Metzinger2003,
  author    = {Thomas Metzinger},
  title     = {Being No One: The Self-Model Theory of Subjectivity},
  publisher = {MIT Press},
  year      = {2003},
  note      = {ISBN: 9780262135095}
}

@book{Noe2004,
  author    = {Alva Noë},
  title     = {Action in Perception},
  publisher = {MIT Press},
  year      = {2004},
  note      = {ISBN: 9780262640636}
}

@article{ORegan2001,
  author    = {J. Kevin O'Regan and Alva Noë},
  title     = {A Sensorimotor Account of Vision and Visual Consciousness},
  journal   = {Behavioral and Brain Sciences},
  year      = {2001},
  volume    = {24},
  number    = {5},
  pages     = {939--973},
  note      = {DOI: 10.1017/S0140525X01000115}
}

@article{Puledda2020,
  author    = {Francesca Puledda and Christoph Schankin and Peter J. Goadsby},
  title     = {Visual Snow Syndrome: A Clinical and Phenotypical Description of 1,100 Cases},
  journal   = {Neurology},
  year      = {2020},
  volume    = {94},
  number    = {6},
  pages     = {e564--e574},
  note      = {DOI: 10.1212/WNL.0000000000009037}
}

@article{Rao1999,
  author    = {Rajesh P. Rao and Dana H. Ballard},
  title     = {Predictive Coding in the Visual Cortex: A Functional Interpretation of Some Extra-Classical Receptive-Field Effects},
  journal   = {Nature Neuroscience},
  year      = {1999},
  volume    = {2},
  number    = {1},
  pages     = {79--87},
  note      = {DOI: 10.1038/4580}
}

@article{Schankin2014,
  author    = {Christoph J. Schankin et al.},
  title     = {The Relation Between Migraine, Typical Migraine Aura and "Visual Snow"},
  journal   = {Headache: The Journal of Head and Face Pain},
  year      = {2014},
  volume    = {54},
  number    = {6},
  pages     = {957--966},
  note      = {DOI: 10.1111/head.12378}
}

@article{Seth2014,
  author    = {Anil K. Seth},
  title     = {A Predictive Processing Theory of Sensorimotor Contingencies: Explaining the Puzzle of Perceptual Presence and Its Absence in Synesthesia},
  journal   = {Cognitive Neuroscience},
  year      = {2014},
  volume    = {5},
  number    = {2},
  pages     = {97--118},
  note      = {DOI: 10.1080/17588928.2013.877880}
}

@book{Varela1991,
  author    = {Francisco J. Varela and Evan Thompson and Eleanor Rosch},
  title     = {The Embodied Mind: Cognitive Science and Human Experience},
  publisher = {MIT Press},
  year      = {1991},
  note      = {ISBN: 9780262720215}
}

@article{Palmer1999,
  author    = {Stephen E. Palmer},
  title     = {Color, consciousness, and the isomorphism constraint},
  journal   = {Behavioral and Brain Sciences},
  year      = {1999},
  volume    = {22},
  number    = {6},
  pages     = {923--943},
  note      = {DOI: 10.1017/S0140525X99002216}
}

@book{Thompson1995,
  author    = {Evan Thompson},
  title     = {Colour Vision: A Study in Cognitive Science and the Philosophy of Perception},
  publisher = {Routledge},
  year      = {1995},
  note      = {ISBN: 9780415117968}
}

@article{VanBrakel1993,
  author    = {Jaap van Brakel},
  title     = {The Plasticity of Categories: The Case of Colour},
  journal   = {British Journal for the Philosophy of Science},
  year      = {1993},
  volume    = {44},
  number    = {1},
  pages     = {103--135},
  note      = {DOI: 10.1093/bjps/44.1.103}
}

@book{Tye2000,
  author    = {Michael Tye},
  title     = {Consciousness, Color, and Content},
  publisher = {MIT Press},
  year      = {2000},
  note      = {ISBN: 9780262201292}
}