@book{Becker2004,
  author = {Judith Becker},
  title = {Deep Listeners: Music, Emotion, and Trancing},
  publisher = {Indiana University Press},
  year = {2004},
  note = {ISBN: 9780253217533}
}

@article{Bharucha2006,
  author = {Jamshed J. Bharucha and Meagan Curtis and Kalendra Paroo},
  title = {Varieties of Musical Experience},
  journal = {Cognition},
  year = {2006},
  volume = {100},
  number = {1},
  pages = {131--172},
  note = {DOI: 10.1016/j.cognition.2005.11.008}
}

@article{Clayton2005,
  author = {Martin Clayton and Rebecca Sager and Udo Will},
  title = {In Time with the Music: The Concept of Entrainment and its Significance for Ethnomusicology},
  journal = {European Meetings in Ethnomusicology},
  year = {2005},
  volume = {11},
  pages = {3--142}
}

@book{DeNora2000,
  author = {Tia DeNora},
  title = {Music in Everyday Life},
  publisher = {Cambridge University Press},
  year = {2000},
  note = {ISBN: 9780521627320}
}

@article{Fitch2015,
  author = {W. Tecumseh Fitch},
  title = {Four Principles of Bio-Musicology},
  journal = {Philosophical Transactions of the Royal Society B: Biological Sciences},
  year = {2015},
  volume = {370},
  number = {1664},
  pages = {20140091},
  note = {DOI: 10.1098/rstb.2014.0091}
}

@book{Huron2006,
  author = {David Huron},
  title = {Sweet Anticipation: Music and the Psychology of Expectation},
  publisher = {MIT Press},
  year = {2006},
  note = {ISBN: 9780262083457}
}

@article{Janata2002,
  author = {Petr Janata and Barbara Tillmann and Jamshed J. Bharucha},
  title = {Listening to Polyphonic Music Recruits Domain-General Attention and Working Memory Circuits},
  journal = {Cognitive, Affective, \& Behavioral Neuroscience},
  year = {2002},
  volume = {2},
  number = {2},
  pages = {121--140},
  note = {DOI: 10.3758/CABN.2.2.121}
}

@article{Krueger2009,
  author = {Joel W. Krueger},
  title = {Enactive Musicology: Mind-Life Continuity and the Music-Listening Experience},
  journal = {Frontiers in Psychology},
  year = {2009},
  volume = {2},
  pages = {1--6},
  note = {DOI: 10.3389/fpsyg.2011.00062}
}

@article{Large1999,
  author = {Edward W. Large and Mari Riess Jones},
  title = {The Dynamics of Attending: How People Track Time-Varying Events},
  journal = {Psychological Review},
  year = {1999},
  volume = {106},
  number = {1},
  pages = {119--159},
  note = {DOI: 10.1037/0033-295X.106.1.119}
}

@book{Patel2010,
  author = {Aniruddh D. Patel},
  title = {Music, Language, and the Brain},
  publisher = {Oxford University Press},
  year = {2010},
  note = {ISBN: 9780199755301}
}

@article{Peretz2005,
  author = {Isabelle Peretz and Robert J. Zatorre},
  title = {Brain Organization for Music Processing},
  journal = {Annual Review of Psychology},
  year = {2005},
  volume = {56},
  pages = {89--114},
  note = {DOI: 10.1146/annurev.psych.56.091103.070225}
}

@article{Reybrouck2005,
  author = {Mark Reybrouck},
  title = {Body, Mind and Music: Musical Semantics Between Experiential Cognition and Cognitive Economy},
  journal = {Transcultural Music Review},
  year = {2005},
  volume = {9}
}

@article{Schaefer2014,
  author = {Rebecca S. Schaefer},
  title = {Auditory Rhythmic Cueing in Movement Rehabilitation: Findings and Possible Mechanisms},
  journal = {Philosophical Transactions of the Royal Society B: Biological Sciences},
  year = {2014},
  volume = {369},
  number = {1658},
  pages = {20130402},
  note = {DOI: 10.1098/rstb.2013.0402}
}

@incollection{Thompson2010,
  author = {William F. Thompson and Laura L. Balkwill},
  title = {Cross-Cultural Similarities and Differences},
  booktitle = {Handbook of Music and Emotion: Theory, Research, Applications},
  editor = {Patrik N. Juslin and John A. Sloboda},
  pages = {755--788},
  publisher = {Oxford University Press},
  year = {2010},
  note = {ISBN: 9780199230143}
}

@book{Zbikowski2002,
  author = {Lawrence M. Zbikowski},
  title = {Conceptualizing Music: Cognitive Structure, Theory, and Analysis},
  publisher = {Oxford University Press},
  year = {2002},
  note = {ISBN: 9780195140231}
}

@article{Zatorre2007,
  author = {Robert J. Zatorre and Joyce L. Chen and Virginia B. Penhune},
  title = {When the Brain Plays Music: Auditory-Motor Interactions in Music Perception and Production},
  journal = {Nature Reviews Neuroscience},
  year = {2007},
  volume = {8},
  number = {7},
  pages = {547--558},
  note = {DOI: 10.1038/nrn2152}
}