@article{Apkarian2005,
  author = {A. Vania Apkarian and M. Catherine Bushnell and Rolf-Detlef Treede and Jon-Kar Zubieta},
  title = {Human Brain Mechanisms of Pain Perception and Regulation in Health and Disease},
  journal = {European Journal of Pain},
  year = {2005},
  volume = {9},
  number = {4},
  pages = {463--484},
  note = {DOI: 10.1016/j.ejpain.2004.11.001}
}

@article{Barrett2009,
  author = {Lisa Feldman Barrett and Eliza Bliss-Moreau},
  title = {Affect as a Psychological Primitive},
  journal = {Advances in Experimental Social Psychology},
  year = {2009},
  volume = {41},
  pages = {167--218},
  note = {DOI: 10.1016/S0065-2601(08)00404-8}
}

@article{Craig2003,
  author = {A. D. Craig},
  title = {Interoception: The Sense of the Physiological Condition of the Body},
  journal = {Current Opinion in Neurobiology},
  year = {2003},
  volume = {13},
  number = {4},
  pages = {500--505},
  note = {DOI: 10.1016/S0959-4388(03)00090-4}
}

@article{Damasio2013,
  author = {Antonio Damasio and Gil B. Carvalho},
  title = {The Nature of Feelings: Evolutionary and Neurobiological Origins},
  journal = {Nature Reviews Neuroscience},
  year = {2013},
  volume = {14},
  number = {2},
  pages = {143--152},
  note = {DOI: 10.1038/nrn3403}
}

@article{Fields2007,
  author = {Howard L. Fields},
  title = {Understanding How Opioids Contribute to Reward and Analgesia},
  journal = {Regional Anesthesia and Pain Medicine},
  year = {2007},
  volume = {32},
  number = {3},
  pages = {242--246},
  note = {DOI: 10.1097/00115550-200705000-00008}
}

@article{Garland2012,
  author = {Eric L. Garland},
  title = {Pain Processing in the Human Nervous System: A Selective Review of Nociceptive and Biobehavioral Pathways},
  journal = {Primary Care},
  year = {2012},
  volume = {39},
  number = {3},
  pages = {561--571},
  note = {DOI: 10.1016/j.pop.2012.06.011}
}

@article{Melzack1965,
  author = {Ronald Melzack and Patrick D. Wall},
  title = {Pain Mechanisms: A New Theory},
  journal = {Science},
  year = {1965},
  volume = {150},
  number = {3699},
  pages = {971--979},
  note = {DOI: 10.1126/science.150.3699.971}
}

@book{Morris1991,
  author = {David B. Morris},
  title = {The Culture of Pain},
  publisher = {University of California Press},
  year = {1991},
  note = {ISBN: 9780520075122}
}

@book{Pfaff2006,
  author = {Donald W. Pfaff},
  title = {Brain Arousal and Information Theory: Neural and Genetic Mechanisms},
  publisher = {Harvard University Press},
  year = {2006},
  note = {ISBN: 9780674022366}
}

@article{Price2000,
  author = {Donald D. Price},
  title = {Psychological and Neural Mechanisms of the Affective Dimension of Pain},
  journal = {Science},
  year = {2000},
  volume = {288},
  number = {5472},
  pages = {1769--1772},
  note = {DOI: 10.1126/science.288.5472.1769}
}

@article{Saper2010,
  author = {Clifford B. Saper and Patrick M. Fuller and Niels P. Pedersen and Jun Lu and Thomas E. Scammell},
  title = {Sleep State Switching},
  journal = {Neuron},
  year = {2010},
  volume = {68},
  number = {6},
  pages = {1023--1042},
  note = {DOI: 10.1016/j.neuron.2010.11.032}
}

@article{Tracey2007,
  author = {Irene Tracey and Patrick W. Mantyh},
  title = {The Cerebral Signature for Pain Perception and its Modulation},
  journal = {Neuron},
  year = {2007},
  volume = {55},
  number = {3},
  pages = {377--391},
  note = {DOI: 10.1016/j.neuron.2007.07.012}
}

@article{Wiech2008,
  author = {Katja Wiech and Martin Ploner and Irene Tracey},
  title = {Neurocognitive Aspects of Pain Perception},
  journal = {Trends in Cognitive Sciences},
  year = {2008},
  volume = {12},
  number = {8},
  pages = {306--313},
  note = {DOI: 10.1016/j.tics.2008.05.005}
}

@article{Yerkes1908,
  author = {Robert M. Yerkes and John D. Dodson},
  title = {The Relation of Strength of Stimulus to Rapidity of Habit-Formation},
  journal = {Journal of Comparative Neurology and Psychology},
  year = {1908},
  volume = {18},
  number = {5},
  pages = {459--482},
  note = {DOI: 10.1002/cne.920180503}
}