@book{Barrett2017,
  author    = {Lisa Feldman Barrett},
  title     = {How Emotions Are Made: The Secret Life of the Brain},
  publisher = {Houghton Mifflin Harcourt},
  year      = {2017},
  isbn      = {9780544133310},
  note      = {ISBN: 9780544133310}
}

@book{Damasio2018,
  author    = {Antonio R. Damasio},
  title     = {The Strange Order of Things: Life, Feeling, and the Making of Cultures},
  publisher = {Pantheon Books},
  year      = {2018},
  isbn      = {9780307908759},
  note      = {ISBN: 9780307908759}
}

@book{Davidson2012,
  author    = {Richard J. Davidson and Sharon Begley},
  title     = {The Emotional Life of Your Brain: How Its Unique Patterns Affect the Way You Think, Feel, and Live},
  publisher = {Hudson Street Press},
  year      = {2012},
  isbn      = {9781594630897},
  note      = {ISBN: 9781594630897}
}

@book{Ekman2003,
  author    = {Paul Ekman},
  title     = {Emotions Revealed: Recognizing Faces and Feelings to Improve Communication and Emotional Life},
  publisher = {Times Books},
  year      = {2003},
  isbn      = {9780805075168},
  note      = {ISBN: 9780805075168}
}

@book{Fox2019,
  author    = {Andrew S. Fox and Richard J. Davidson},
  title     = {The Neuroscience of Emotion: A New Synthesis},
  publisher = {Princeton University Press},
  year      = {2019},
  isbn      = {9780691171517},
  note      = {ISBN: 9780691171517}
}

@book{Fuchs2019,
  author    = {Thomas Fuchs},
  title     = {Ecology of the Brain: The Phenomenology and Biology of the Embodied Mind},
  publisher = {Oxford University Press},
  year      = {2019},
  isbn      = {9780199646883},
  note      = {ISBN: 9780199646883}
}

@incollection{Keltner2001,
  author    = {Dacher Keltner and Jonathan Haidt},
  title     = {Social Functions of Emotions},
  booktitle = {Emotions: Current Issues and Future Directions},
  editor    = {T. J. Mayne and G. A. Bonanno},
  pages     = {192--213},
  publisher = {Guilford Press},
  year      = {2001},
  isbn      = {9781572306226},
  note      = {ISBN: 9781572306226}
}

@book{LeDoux2015,
  author    = {Joseph E. LeDoux},
  title     = {Anxious: Using the Brain to Understand and Treat Fear and Anxiety},
  publisher = {Viking},
  year      = {2015},
  isbn      = {9780670015337},
  note      = {ISBN: 9780670015337}
}

@book{Lutz1988,
  author    = {Catherine Lutz},
  title     = {Unnatural Emotions: Everyday Sentiments on a Micronesian Atoll and Their Challenge to Western Theory},
  publisher = {University of Chicago Press},
  year      = {1988},
  isbn      = {9780226497242},
  note      = {ISBN: 9780226497242}
}

@book{Panksepp1998,
  author    = {Jaak Panksepp},
  title     = {Affective Neuroscience: The Foundations of Human and Animal Emotions},
  publisher = {Oxford University Press},
  year      = {1998},
  isbn      = {9780195096736},
  note      = {ISBN: 9780195096736}
}

@book{Reddy2001,
  author    = {William M. Reddy},
  title     = {The Navigation of Feeling: A Framework for the History of Emotions},
  publisher = {Cambridge University Press},
  year      = {2001},
  isbn      = {9780521802673},
  note      = {ISBN: 9780521802673}
}

@book{Rosaldo1980,
  author    = {Michelle Z. Rosaldo},
  title     = {Knowledge and Passion: Ilongot Notions of Self and Social Life},
  publisher = {Cambridge University Press},
  year      = {1980},
  isbn      = {9780521290524},
  note      = {ISBN: 9780521290524}
}

@book{Scherer2014,
  editor    = {Klaus R. Scherer and Paul Ekman},
  title     = {Approaches to Emotion},
  publisher = {Psychology Press},
  year      = {2014},
  isbn      = {9781138876026},
  note      = {ISBN: 9781138876026}
}

@book{Siegel2012,
  author    = {Daniel J. Siegel},
  title     = {The Developing Mind: How Relationships and the Brain Interact to Shape Who We Are},
  publisher = {Guilford Press},
  year      = {2012},
  isbn      = {9781462503902},
  note      = {ISBN: 9781462503902}
}

@book{Thompson2007,
  author    = {Evan Thompson},
  title     = {Mind in Life: Biology, Phenomenology, and the Sciences of Mind},
  publisher = {Harvard University Press},
  year      = {2007},
  isbn      = {9780674025110},
  note      = {ISBN: 9780674025110}
}

@book{Wentworth1992,
  author    = {William M. Wentworth and John Ryan},
  title     = {Social Perspectives on Emotion: A Theoretical Synthesis},
  publisher = {JAI Press},
  year      = {1992},
  note      = {ISBN: 9781559383451}
}

@incollection{White1994,
  author    = {Geoffrey M. White},
  title     = {Affecting Culture: Emotion and Morality in Everyday Life},
  booktitle = {Emotion and Culture: Empirical Studies of Mutual Influence},
  editor    = {Shinobu Kitayama and Hazel R. Markus},
  pages     = {219--239},
  publisher = {American Psychological Association},
  year      = {1994},
  note      = {ISBN: 9781557982366}
}