@book{Abler2005,
  author    = {William L. Abler},
  title     = {Structure of Matter, Structure of Mind: Man's Place in Nature, Reconsidered},
  publisher = {Bainbridge Books},
  year      = {2005},
  note      = {ISBN: 978-1891696190}
}

@book{Arbib2012,
  author    = {Michael A. Arbib},
  title     = {How the Brain Got Language: The Mirror System Hypothesis},
  publisher = {Oxford University Press},
  year      = {2012},
  note      = {ISBN: 978-0199896684}
}

@article{Barsalou2008,
  author    = {Lawrence W. Barsalou},
  title     = {Grounded Cognition},
  journal   = {Annual Review of Psychology},
  year      = {2008},
  volume    = {59},
  pages     = {617--645},
  note      = {DOI: 10.1146/annurev.psych.59.103006.093639}
}

@book{Christiansen2016,
  author    = {Morten H. Christiansen and Nick Chater},
  title     = {Creating Language: Integrating Evolution, Acquisition, and Processing},
  publisher = {MIT Press},
  year      = {2016},
  note      = {ISBN: 978-0262034319}
}

@book{Deacon1997,
  author    = {Terrence W. Deacon},
  title     = {The Symbolic Species: The Co-evolution of Language and the Brain},
  publisher = {W.W. Norton},
  year      = {1997},
  note      = {ISBN: 978-0393038385}
}

@incollection{Dingemanse2017,
  author    = {Mark Dingemanse},
  title     = {Brain-to-Brain Interfaces and the Role of Language in Distributing Agency},
  booktitle = {Distributed Agency},
  editor    = {N. J. Enfield and Paul Kockelman},
  pages     = {59--66},
  publisher = {Oxford University Press},
  year      = {2017},
  note      = {ISBN: 978-0190457204}
}

@book{Duranti2009,
  author    = {Alessandro Duranti},
  title     = {Linguistic Anthropology: A Reader},
  publisher = {Wiley-Blackwell},
  year      = {2009},
  note      = {ISBN: 978-1405126328}
}

@book{Enfield2017,
  author    = {N. J. Enfield},
  title     = {How We Talk: The Inner Workings of Conversation},
  publisher = {Basic Books},
  year      = {2017},
  note      = {ISBN: 978-0465059942}
}

@book{Fauconnier2002,
  author    = {Gilles Fauconnier and Mark Turner},
  title     = {The Way We Think: Conceptual Blending and the Mind's Hidden Complexities},
  publisher = {Basic Books},
  year      = {2002},
  note      = {ISBN: 978-0465087853}
}

@book{Feldman2008,
  author    = {Jerome Feldman},
  title     = {From Molecule to Metaphor: A Neural Theory of Language},
  publisher = {MIT Press},
  year      = {2008},
  note      = {ISBN: 978-0262562355}
}

@book{GoldinMeadow2003,
  author    = {Susan Goldin-Meadow},
  title     = {Hearing Gesture: How Our Hands Help Us Think},
  publisher = {Harvard University Press},
  year      = {2003},
  note      = {ISBN: 978-0674018372}
}

@article{Hauser2002,
  author    = {Marc D. Hauser and Noam Chomsky and W. Tecumseh Fitch},
  title     = {The Faculty of Language: What Is It, Who Has It, and How Did It Evolve?},
  journal   = {Science},
  year      = {2002},
  volume    = {298},
  number    = {5598},
  pages     = {1569--1579},
  note      = {DOI: 10.1126/science.298.5598.1569}
}

@book{Lakoff1999,
  author    = {George Lakoff and Mark Johnson},
  title     = {Philosophy in the Flesh: The Embodied Mind and Its Challenge to Western Thought},
  publisher = {Basic Books},
  year      = {1999},
  note      = {ISBN: 978-0465056743}
}

@book{McNeill2005,
  author    = {David McNeill},
  title     = {Gesture and Thought},
  publisher = {University of Chicago Press},
  year      = {2005},
  note      = {ISBN: 978-0226514642}
}

@book{Pulvermuller2002,
  author    = {Friedemann Pulverm√ºller},
  title     = {The Neuroscience of Language: On Brain Circuits of Words and Serial Order},
  publisher = {Cambridge University Press},
  year      = {2002},
  note      = {ISBN: 978-0521793742}
}

@incollection{Silverstein1976,
  author    = {Michael Silverstein},
  title     = {Shifters, Linguistic Categories, and Cultural Description},
  booktitle = {Meaning in Anthropology},
  editor    = {Keith H. Basso and Henry A. Selby},
  pages     = {11--55},
  publisher = {University of New Mexico Press},
  year      = {1976},
  note      = {ISBN: 978-0826304311}
}

@book{Tomasello2008,
  author    = {Michael Tomasello},
  title     = {Origins of Human Communication},
  publisher = {MIT Press},
  year      = {2008},
  note      = {ISBN: 978-0262012621}
}

@book{Vygotsky2012,
  author    = {Lev S. Vygotsky},
  title     = {Thought and Language},
  edition   = {Revised and Expanded Edition},
  publisher = {MIT Press},
  year      = {2012},
  note      = {ISBN: 978-0262517713}
}

@book{Whorf1956,
  author    = {Benjamin Lee Whorf},
  title     = {Language, Thought, and Reality: Selected Writings of Benjamin Lee Whorf},
  editor    = {John B. Carroll},
  publisher = {MIT Press},
  year      = {1956},
  note      = {ISBN: 978-0262730068}
}