@book{Ascher1991,
  author = {Marcia Ascher},
  title = {Ethnomathematics: A Multicultural View of Mathematical Ideas},
  publisher = {Chapman \& Hall},
  year = {1991},
  note = {ISBN: 978-0412989414}
}

@book{Barrow1992,
  author = {John D. Barrow},
  title = {Pi in the Sky: Counting, Thinking, and Being},
  publisher = {Oxford University Press},
  year = {1992},
  note = {ISBN: 978-0198539568}
}

@book{Bateson1979,
  author = {Gregory Bateson},
  title = {Mind and Nature: A Necessary Unity},
  publisher = {E.P. Dutton},
  year = {1979},
  note = {ISBN: 978-0520050646}
}

@book{Benacerraf1983,
  editor = {Paul Benacerraf and Hilary Putnam},
  title = {Philosophy of Mathematics: Selected Readings},
  publisher = {Cambridge University Press},
  year = {1983},
  note = {ISBN: 978-0521296487}
}

@book{Dehaene2011,
  author = {Stanislas Dehaene},
  title = {The Number Sense: How the Mind Creates Mathematics},
  publisher = {Oxford University Press},
  year = {2011},
  note = {ISBN: 978-0199753871}
}

@article{DAmbrosio1985,
  author = {Ubiratan D'Ambrosio},
  title = {Ethnomathematics and its Place in the History and Pedagogy of Mathematics},
  journal = {For the Learning of Mathematics},
  year = {1985},
  volume = {5},
  number = {1},
  pages = {44--48},
  note = {Available at: \url{https://www.jstor.org/stable/40247876}}
}

@book{Devlin2000,
  author = {Keith Devlin},
  title = {The Math Gene: How Mathematical Thinking Evolved and Why Numbers Are Like Gossip},
  publisher = {Basic Books},
  year = {2000},
  note = {ISBN: 978-0465016184}
}

@book{Gigerenzer2008,
  author = {Gerd Gigerenzer},
  title = {Rationality for Mortals: How People Cope with Uncertainty},
  publisher = {Oxford University Press},
  year = {2008},
  note = {ISBN: 978-0195328981}
}

@book{Hadamard1945,
  author = {Jacques Hadamard},
  title = {An Essay on the Psychology of Invention in the Mathematical Field},
  publisher = {Princeton University Press},
  year = {1945},
  note = {ISBN: 978-0691029313}
}

@book{Kahneman2011,
  author = {Daniel Kahneman},
  title = {Thinking, Fast and Slow},
  publisher = {Farrar, Straus and Giroux},
  year = {2011},
  note = {ISBN: 978-0374275631}
}

@book{Lakatos1976,
  author = {Imre Lakatos},
  title = {Proofs and Refutations: The Logic of Mathematical Discovery},
  publisher = {Cambridge University Press},
  year = {1976},
  note = {ISBN: 978-0521290386}
}

@book{Lakoff2000,
  author = {George Lakoff and Rafael E. Núñez},
  title = {Where Mathematics Comes From: How the Embodied Mind Brings Mathematics into Being},
  publisher = {Basic Books},
  year = {2000},
  note = {ISBN: 978-0465037707}
}

@book{Lloyd1990,
  author = {G. E. R. Lloyd},
  title = {Demystifying Mentalities},
  publisher = {Cambridge University Press},
  year = {1990},
  note = {ISBN: 978-0521388779}
}

@book{MacLane1986,
  author = {Saunders MacLane},
  title = {Mathematics: Form and Function},
  publisher = {Springer-Verlag},
  year = {1986},
  note = {ISBN: 978-0387963854}
}

@book{Penrose1994,
  author = {Roger Penrose},
  title = {Shadows of the Mind: A Search for the Missing Science of Consciousness},
  publisher = {Oxford University Press},
  year = {1994},
  note = {ISBN: 978-0198539780}
}

@book{Piaget1952,
  author = {Jean Piaget},
  title = {The Child's Conception of Number},
  publisher = {Routledge},
  year = {1952},
  note = {ISBN: 978-0415210003}
}

@book{Polanyi1958,
  author = {Michael Polanyi},
  title = {Personal Knowledge: Towards a Post-Critical Philosophy},
  publisher = {University of Chicago Press},
  year = {1958},
  note = {ISBN: 978-0226672928}
}

@book{Rotman1993,
  author = {Brian Rotman},
  title = {Ad Infinitum: The Ghost in Turing's Machine: Taking God Out of Mathematics and Putting the Body Back In},
  publisher = {Stanford University Press},
  year = {1993},
  note = {ISBN: 978-0804720991}
}

@book{Sperber1996,
  author = {Dan Sperber},
  title = {Explaining Culture: A Naturalistic Approach},
  publisher = {Blackwell Publishers},
  year = {1996},
  note = {ISBN: 978-0631195673}
}

@book{Varela1991,
  author = {Francisco J. Varela and Evan Thompson and Eleanor Rosch},
  title = {The Embodied Mind: Cognitive Science and Human Experience},
  publisher = {MIT Press},
  year = {1991},
  note = {ISBN: 978-0262720212}
}