@article{Bjorklund2014,
  author = {David F. Bjorklund and Bruce J. Ellis},
  title = {Children, Childhood, and Development in Evolutionary Perspective},
  journal = {Developmental Review},
  year = {2014},
  volume = {34},
  number = {3},
  pages = {225--264},
  note = {DOI: 10.1016/j.dr.2014.05.005}
}

@book{Carey2009,
  author = {Susan Carey},
  title = {The Origin of Concepts},
  publisher = {Oxford University Press},
  year = {2009},
  note = {ISBN: 978-0-19-536763-8}
}

@book{Cicchetti2016,
  editor = {Dante Cicchetti and Donald J. Cohen},
  title = {Developmental Psychopathology: Theory and Method},
  publisher = {Wiley},
  year = {2016},
  note = {ISBN: 978-1-118-12087-3}
}

@book{Damasio2010,
  author = {Antonio Damasio},
  title = {Self Comes to Mind: Constructing the Conscious Brain},
  publisher = {Pantheon Books},
  year = {2010},
  note = {ISBN: 978-0-307-37722-0}
}

@article{DehaeneLambertz2015,
  author = {Ghislaine Dehaene-Lambertz and Elizabeth S. Spelke},
  title = {The Infancy of the Human Brain},
  journal = {Neuron},
  year = {2015},
  volume = {88},
  number = {1},
  pages = {93--109},
  note = {DOI: 10.1016/j.neuron.2015.09.026}
}

@book{Edelman1987,
  author = {Gerald M. Edelman},
  title = {Neural Darwinism: The Theory of Neuronal Group Selection},
  publisher = {Basic Books},
  year = {1987},
  note = {ISBN: 978-0-465-06910-8}
}

@book{Fuster2013,
  author = {Joaqu√≠n M. Fuster},
  title = {The Neuroscience of Freedom and Creativity: Our Predictive Brain},
  publisher = {Cambridge University Press},
  year = {2013},
  note = {ISBN: 978-1-107-02913-2}
}

@article{Gottlieb2007,
  author = {Gilbert Gottlieb},
  title = {Probabilistic Epigenesis},
  journal = {Developmental Science},
  year = {2007},
  volume = {10},
  number = {1},
  pages = {1--11},
  note = {DOI: 10.1111/j.1467-7687.2007.00556.x}
}

@book{Johnson2011,
  author = {Mark H. Johnson},
  title = {Developmental Cognitive Neuroscience: An Introduction},
  publisher = {Wiley-Blackwell},
  year = {2011},
  note = {ISBN: 978-1-4051-9668-3}
}

@book{Kagan2013,
  author = {Jerome Kagan},
  title = {The Human Spark: The Science of Human Development},
  publisher = {Basic Books},
  year = {2013},
  note = {ISBN: 978-0-465-02928-7}
}

@book{Lichtenberg2016,
  author = {Joseph D. Lichtenberg and Frank M. Lachmann and James L. Fosshage},
  title = {Self and Motivational Systems: Towards A Theory of Psychoanalytic Technique},
  publisher = {Routledge},
  year = {2016},
  note = {ISBN: 978-1-138-94912-3}
}

@book{Marcus2004,
  author = {Gary Marcus},
  title = {The Birth of the Mind: How a Tiny Number of Genes Creates The Complexities of Human Thought},
  publisher = {Basic Books},
  year = {2004},
  note = {ISBN: 978-0-465-01806-9}
}

@book{Nelson2021,
  author = {Charles A. Nelson},
  title = {The Developing Brain: From Birth to Age 25},
  publisher = {Oxford University Press},
  year = {2021},
  note = {ISBN: 978-0-19-511480-5}
}

@book{Piaget1971,
  author = {Jean Piaget},
  title = {Biology and Knowledge: An Essay on the Relations Between Organic Regulations and Cognitive Processes},
  publisher = {University of Chicago Press},
  year = {1971},
  note = {ISBN: 978-0-226-66898-0}
}

@book{Quartz2002,
  author = {Steven R. Quartz and Terrence J. Sejnowski},
  title = {Liars, Lovers, and Heroes: What the New Brain Science Reveals About How We Become Who We Are},
  publisher = {William Morrow},
  year = {2002},
  note = {ISBN: 978-0-688-17496-3}
}

@book{Schore2019,
  author = {Allan N. Schore},
  title = {The Development of the Unconscious Mind},
  publisher = {W. W. Norton \& Company},
  year = {2019},
  note = {ISBN: 978-0-393-71104-7}
}

@book{Siegel2020,
  author = {Daniel J. Siegel},
  title = {The Developing Mind: How Relationships and the Brain Interact to Shape Who We Are},
  edition = {3rd},
  publisher = {Guilford Press},
  year = {2020},
  note = {ISBN: 978-1-4625-4275-8}
}

@book{Stern2000,
  author = {Daniel N. Stern},
  title = {The Interpersonal World of the Infant: A View from Psychoanalysis and Developmental Psychology},
  publisher = {Basic Books},
  year = {2000},
  note = {ISBN: 978-0-465-07569-7}
}

@book{Thelen1996,
  author = {Esther Thelen and Linda B. Smith},
  title = {A Dynamic Systems Approach to the Development of Cognition and Action},
  publisher = {MIT Press},
  year = {1996},
  note = {ISBN: 978-0-262-70062-4}
}

@article{Trevarthen2011,
  author = {Colwyn Trevarthen},
  title = {What Is It Like to Be a Person Who Knows Nothing? Defining the Active Intersubjective Mind of a Newborn Human Being},
  journal = {Infant and Child Development},
  year = {2011},
  volume = {20},
  number = {1},
  pages = {119--135},
  note = {DOI: 10.1002/icd.689}
}