@book{Aleksander2005,
  author = {Igor Aleksander},
  title = {The World in My Mind, My Mind in the World: Key Mechanisms of Consciousness in People, Animals and Machines},
  publisher = {Imprint Academic},
  year = {2005},
  note = {ISBN: 978-1845400141}
}

@article{Barandiaran2006,
  author = {Xabier E. Barandiaran and Alvaro Moreno},
  title = {On What Makes Certain Dynamical Systems Cognitive: A Minimally Cognitive Organization Program},
  journal = {Adaptive Behavior},
  year = {2006},
  volume = {14},
  number = {2},
  pages = {171--185},
  note = {DOI: 10.1177/105971230601400208}
}

@article{Beer1997,
  author = {Randall D. Beer},
  title = {The Dynamics of Adaptive Behavior: A Research Program},
  journal = {Robotics and Autonomous Systems},
  year = {1997},
  volume = {20},
  number = {2-4},
  pages = {257--289},
  note = {DOI: 10.1016/S0921-8890(96)00061-7}
}

@article{Bengio2017,
  author = {Yoshua Bengio},
  title = {The Consciousness Prior},
  journal = {arXiv preprint},
  year = {2017},
  volume = {arXiv:1709.08568},
  note = {Available at https://arxiv.org/abs/1709.08568}
}

@article{Brooks1991,
  author = {Rodney A. Brooks},
  title = {Intelligence Without Representation},
  journal = {Artificial Intelligence},
  year = {1991},
  volume = {47},
  number = {1-3},
  pages = {139--159},
  note = {DOI: 10.1016/0004-3702(91)90053-M}
}

@article{Chalmers2010,
  author = {David J. Chalmers},
  title = {The Singularity: A Philosophical Analysis},
  journal = {Journal of Consciousness Studies},
  year = {2010},
  volume = {17},
  number = {9-10},
  pages = {7--65}
}

@book{Clark2013,
  author = {Andy Clark},
  title = {Mindware: An Introduction to the Philosophy of Cognitive Science},
  publisher = {Oxford University Press},
  year = {2013},
  note = {ISBN: 978-0199828157}
}

@article{Dehaene2017,
  author = {Stanislas Dehaene and Hakwan Lau and Sid Kouider},
  title = {What is Consciousness, and Could Machines Have It?},
  journal = {Science},
  year = {2017},
  volume = {358},
  number = {6362},
  pages = {486--492},
  note = {DOI: 10.1126/science.aan8871}
}

@article{DiPaolo2005,
  author = {Ezequiel A. Di Paolo},
  title = {Autopoiesis, Adaptivity, Teleology, Agency},
  journal = {Phenomenology and the Cognitive Sciences},
  year = {2005},
  volume = {4},
  number = {4},
  pages = {429--452},
  note = {DOI: 10.1007/s11097-005-9004-0}
}

@book{Floridi2011,
  author = {Luciano Floridi},
  title = {The Philosophy of Information},
  publisher = {Oxford University Press},
  year = {2011},
  note = {ISBN: 978-0199551376}
}

@article{Froese2009,
  author = {Tom Froese and Tom Ziemke},
  title = {Enactive Artificial Intelligence: Investigating the Systemic Organization of Life and Mind},
  journal = {Artificial Intelligence},
  year = {2009},
  volume = {173},
  number = {3-4},
  pages = {466--500},
  note = {DOI: 10.1016/j.artint.2008.12.001}
}

@article{Holland2003,
  author = {Owen Holland and Rodney Goodman},
  title = {Robots With Internal Models: A Route to Machine Consciousness?},
  journal = {Journal of Consciousness Studies},
  year = {2003},
  volume = {10},
  number = {4-5},
  pages = {77--109}
}

@book{Metzinger2003,
  author = {Thomas Metzinger},
  title = {Being No One: The Self-Model Theory of Subjectivity},
  publisher = {MIT Press},
  year = {2003},
  note = {ISBN: 978-0262134177}
}

@book{Minsky2006,
  author = {Marvin Minsky},
  title = {The Emotion Machine: Commonsense Thinking, Artificial Intelligence, and the Future of the Human Mind},
  publisher = {Simon \& Schuster},
  year = {2006},
  note = {ISBN: 978-0743276641}
}

@book{Moravec1988,
  author = {Hans Moravec},
  title = {Mind Children: The Future of Robot and Human Intelligence},
  publisher = {Harvard University Press},
  year = {1988},
  note = {ISBN: 978-0674576186}
}

@book{Pfeifer2006,
  author = {Rolf Pfeifer and Josh Bongard},
  title = {How the Body Shapes the Way We Think: A New View of Intelligence},
  publisher = {MIT Press},
  year = {2006},
  note = {ISBN: 978-0262162392}
}

@book{Shanahan2010,
  author = {Murray Shanahan},
  title = {Embodiment and the Inner Life: Cognition and Consciousness in the Space of Possible Minds},
  publisher = {Oxford University Press},
  year = {2010},
  note = {ISBN: 978-0199226557}
}

@book{Thompson2007,
  author = {Evan Thompson},
  title = {Mind in Life: Biology, Phenomenology, and the Sciences of Mind},
  publisher = {Harvard University Press},
  year = {2007},
  note = {ISBN: 978-0674025110}
}

@article{vanGelder1998,
  author = {Tim van Gelder},
  title = {The Dynamical Hypothesis in Cognitive Science},
  journal = {Behavioral and Brain Sciences},
  year = {1998},
  volume = {21},
  number = {5},
  pages = {615--628},
  note = {DOI: 10.1017/S0140525X98001733}
}

@book{Wheeler2005,
  author = {Michael Wheeler},
  title = {Reconstructing the Cognitive World: The Next Step},
  publisher = {MIT Press},
  year = {2005},
  note = {ISBN: 978-0262232453}
}