@book{Bostrom2014,
  author = {Nick Bostrom},
  title = {Superintelligence: Paths, Dangers, Strategies},
  publisher = {Oxford University Press},
  year = {2014},
  note = {ISBN: 978-0198739836}
}

@book{Braitenberg1986,
  author = {Valentino Braitenberg},
  title = {Vehicles: Experiments in Synthetic Psychology},
  publisher = {MIT Press},
  year = {1986},
  note = {ISBN: 978-0262521120}
}

@book{Brooks1999,
  author = {Rodney A. Brooks},
  title = {Cambrian Intelligence: The Early History of the New AI},
  publisher = {MIT Press},
  year = {1999},
  note = {ISBN: 978-0262522639}
}

@book{Churchland2013,
  author = {Paul M. Churchland},
  title = {Plato's Camera: How the Physical Brain Captures a Landscape of Abstract Universals},
  publisher = {MIT Press},
  year = {2013},
  note = {ISBN: 978-0262018538}
}

@book{Dennett2017,
  author = {Daniel C. Dennett},
  title = {From Bacteria to Bach and Back: The Evolution of Minds},
  publisher = {W.W. Norton \& Company},
  year = {2017},
  note = {ISBN: 978-0393242072}
}

@book{Dreyfus1992,
  author = {Hubert L. Dreyfus},
  title = {What Computers Still Can't Do: A Critique of Artificial Reason},
  publisher = {MIT Press},
  year = {1992},
  note = {ISBN: 978-0262540671}
}

@book{Goertzel2007,
  editor = {Ben Goertzel and Cassio Pennachin},
  title = {Artificial General Intelligence},
  publisher = {Springer},
  year = {2007},
  note = {ISBN: 978-3540686777}
}

@book{Hawkins2021,
  author = {Jeff Hawkins},
  title = {A Thousand Brains: A New Theory of Intelligence},
  publisher = {Basic Books},
  year = {2021},
  note = {ISBN: 978-1541675810}
}

@book{Hoffman2019,
  author = {Donald D. Hoffman},
  title = {The Case Against Reality: Why Evolution Hid the Truth from Our Eyes},
  publisher = {W.W. Norton \& Company},
  year = {2019},
  note = {ISBN: 978-0393254693}
}

@book{Kurzweil2012,
  author = {Ray Kurzweil},
  title = {How to Create a Mind: The Secret of Human Thought Revealed},
  publisher = {Viking},
  year = {2012},
  note = {ISBN: 978-0670025299}
}

@article{Lake2017,
  author = {Brenden M. Lake and Tomer D. Ullman and Joshua B. Tenenbaum and Samuel J. Gershman},
  title = {Building Machines That Learn and Think Like People},
  journal = {Behavioral and Brain Sciences},
  year = {2017},
  volume = {40},
  pages = {e253},
  note = {DOI: 10.1017/S0140525X16001837}
}

@book{Marcus2019,
  author = {Gary Marcus},
  title = {Rebooting AI: Building Artificial Intelligence We Can Trust},
  publisher = {Pantheon},
  year = {2019},
  note = {ISBN: 978-1524748258}
}

@book{Mitchell2019,
  author = {Melanie Mitchell},
  title = {Artificial Intelligence: A Guide for Thinking Humans},
  publisher = {Farrar, Straus and Giroux},
  year = {2019},
  note = {ISBN: 978-0374257835}
}

@book{ORegan2011,
  author = {J. Kevin O'Regan},
  title = {Why Red Doesn't Sound Like a Bell: Understanding the Feel of Consciousness},
  publisher = {Oxford University Press},
  year = {2011},
  note = {ISBN: 978-0199775222}
}

@book{Pearl2018,
  author = {Judea Pearl and Dana Mackenzie},
  title = {The Book of Why: The New Science of Cause and Effect},
  publisher = {Basic Books},
  year = {2018},
  note = {ISBN: 978-0465097609}
}

@book{Searle2004,
  author = {John R. Searle},
  title = {Mind: A Brief Introduction},
  publisher = {Oxford University Press},
  year = {2004},
  note = {ISBN: 978-0195157343}
}

@incollection{Sloman2019,
  author = {Aaron Sloman},
  title = {Architectural and Representational Requirements for Seeing Processes and Affordances},
  booktitle = {Computational Intelligence and Quantum Computing},
  pages = {3--31},
  publisher = {Springer},
  year = {2019},
  note = {ISBN: 978-3319914595}
}

@book{Tegmark2017,
  author = {Max Tegmark},
  title = {Life 3.0: Being Human in the Age of Artificial Intelligence},
  publisher = {Knopf},
  year = {2017},
  note = {ISBN: 978-1101946596}
}

@article{Tononi2015,
  author = {Giulio Tononi and Christof Koch},
  title = {Consciousness: Here, There and Everywhere?},
  journal = {Philosophical Transactions of the Royal Society B: Biological Sciences},
  year = {2015},
  volume = {370},
  number = {1668},
  pages = {20140167},
  note = {DOI: 10.1098/rstb.2014.0167}
}

@book{Zarkadakis2016,
  author = {George Zarkadakis},
  title = {In Our Own Image: Savior or Destroyer? The History and Future of Artificial Intelligence},
  publisher = {Pegasus Books},
  year = {2016},
  note = {ISBN: 978-1605989649}
}