@book{Aaronson2013,
  author = {Scott Aaronson},
  title = {Quantum Computing Since Democritus},
  publisher = {Cambridge University Press},
  year = {2013},
  note = {ISBN: 9780521199568}
}

@book{Barendregt1984,
  author = {Henk Barendregt},
  title = {The Lambda Calculus: Its Syntax and Semantics},
  publisher = {North-Holland},
  year = {1984},
  note = {ISBN: 9780444868372}
}

@book{Boolos2007,
  author = {George Boolos and John P. Burgess and Richard C. Jeffrey},
  title = {Computability and Logic},
  publisher = {Cambridge University Press},
  year = {2007},
  note = {ISBN: 9780521701464}
}

@book{Copeland2004,
  editor = {B. Jack Copeland},
  title = {The Essential Turing: Seminal Writings in Computing, Logic, Philosophy, Artificial Intelligence, and Artificial Life},
  publisher = {Oxford University Press},
  year = {2004},
  note = {ISBN: 9780198250807}
}

@book{Davis2000,
  author = {Martin Davis},
  title = {The Universal Computer: The Road from Leibniz to Turing},
  publisher = {W.W. Norton \& Company},
  year = {2000},
  note = {ISBN: 9780393322293}
}

@book{Deutsch2011,
  author = {David Deutsch},
  title = {The Beginning of Infinity: Explanations That Transform the World},
  publisher = {Allen Lane},
  year = {2011},
  note = {ISBN: 9780713992748}
}

@book{Downey2010,
  author = {Rodney G. Downey and Denis R. Hirschfeldt},
  title = {Algorithmic Randomness and Complexity},
  publisher = {Springer},
  year = {2010},
  note = {ISBN: 9780387684417}
}

@article{Floyd2014,
  author = {Robert W. Floyd and Donald E. Knuth},
  title = {Mathematics and Computer Science: Coping with Finiteness},
  journal = {Science},
  year = {2014},
  volume = {194},
  number = {4271},
  pages = {1235--1242},
  note = {DOI: 10.1126/science.194.4271.1235}
}

@book{Goldin2006,
  editor = {Dina Goldin and Scott A. Smolka and Peter Wegner},
  title = {Interactive Computation: The New Paradigm},
  publisher = {Springer},
  year = {2006},
  note = {ISBN: 9783540283472}
}

@article{Hamkins2014,
  author = {Joel D. Hamkins},
  title = {Infinite Time Turing Machines and an Application to the Hierarchy of Equivalence Relations on the Reals},
  journal = {Journal of Symbolic Logic},
  year = {2014},
  volume = {79},
  number = {4},
  pages = {1121--1156},
  note = {DOI: 10.1017/jsl.2014.55}
}

@book{Hofstadter1999,
  author = {Douglas R. Hofstadter},
  title = {Gödel, Escher, Bach: An Eternal Golden Braid},
  publisher = {Basic Books},
  year = {1999},
  note = {ISBN: 9780465026562}
}

@book{Kozen2006,
  author = {Dexter C. Kozen},
  title = {Theory of Computation},
  publisher = {Springer},
  year = {2006},
  note = {ISBN: 9781846284779}
}

@book{Mancosu2008,
  editor = {Paolo Mancosu},
  title = {The Philosophy of Mathematical Practice},
  publisher = {Oxford University Press},
  year = {2008},
  note = {ISBN: 9780199296453}
}

@book{PourEl1989,
  author = {Marian Boykan Pour-El and J. Ian Richards},
  title = {Computability in Analysis and Physics},
  publisher = {Springer-Verlag},
  year = {1989},
  note = {ISBN: 9783540966153}
}

@book{Rogers1987,
  author = {Hartley Rogers},
  title = {Theory of Recursive Functions and Effective Computability},
  publisher = {MIT Press},
  year = {1987},
  note = {ISBN: 9780262680529}
}

@book{Rovelli2018,
  author = {Carlo Rovelli},
  title = {The Order of Time},
  publisher = {Riverhead Books},
  year = {2018},
  note = {ISBN: 9780735216105}
}

@book{Sipser2012,
  author = {Michael Sipser},
  title = {Introduction to the Theory of Computation},
  publisher = {Cengage Learning},
  year = {2012},
  note = {ISBN: 9781133187790}
}

@book{Soare2016,
  author = {Robert I. Soare},
  title = {Turing Computability: Theory and Applications},
  publisher = {Springer},
  year = {2016},
  note = {ISBN: 9783319436674}
}

@incollection{vanLeeuwen2012,
  author = {Jan van Leeuwen and Jiri Wiedermann},
  title = {The Turing Machine Paradigm in Contemporary Computing},
  booktitle = {Mathematics Unlimited—2001 and Beyond},
  pages = {1139--1155},
  publisher = {Springer},
  year = {2012},
  note = {DOI: 10.1007/978-3-642-56478-9\_42}
}

@article{Wegner2003,
  author = {Peter Wegner and Dina Goldin},
  title = {Computation Beyond Turing Machines},
  journal = {Communications of the ACM},
  year = {2003},
  volume = {46},
  number = {4},
  pages = {100--102},
  note = {DOI: 10.1145/641205.641208}
}