@incollection{Ambainis2015,
  author    = {Andris Ambainis and Abuzer YakaryÄ±lmaz},
  title     = {Automata and Quantum Computing},
  booktitle = {Handbook of Automata Theory},
  publisher = {EMS Press},
  year      = {2021},
  pages     = {1457--1493},
  note      = {DOI: 10.4171/AUTOMATA-2/17}
}

@book{Ashby1960,
  author    = {W. Ross Ashby},
  title     = {Design for a Brain: The Origin of Adaptive Behaviour},
  publisher = {Chapman \& Hall},
  year      = {1960},
  note      = {ISBN: 9780412200908}
}

@article{BialynickiBirula1976,
  author    = {Iwo Bialynicki-Birula and Jerzy Mycielski},
  title     = {Nonlinear Wave Mechanics},
  journal   = {Annals of Physics},
  year      = {1976},
  volume    = {100},
  number    = {1-2},
  pages     = {62--93},
  note      = {DOI: 10.1016/0003-4916(76)90057-9}
}

@inproceedings{Bissell2004,
  author    = {C. C. Bissell},
  title     = {A Great Disappearing Act: The Electronic Analogue Computer},
  booktitle = {IEEE Conference on the History of Electronics},
  year      = {2004},
  pages     = {28--30},
  note      = {DOI: 10.1109/HISTELCON.2004.1419555}
}

@book{Cowan2017,
  author    = {J. D. Cowan and C. L. Nehaniv and G. Pask},
  title     = {Understanding Complex Systems: The Gentle Art of Analogue Computing},
  publisher = {Springer},
  year      = {2017},
  note      = {ISBN: 9783319643713}
}

@book{Davies2019,
  author    = {Paul C. W. Davies},
  title     = {The Demon in the Machine: How Hidden Webs of Information Are Solving the Mystery of Life},
  publisher = {University of Chicago Press},
  year      = {2019},
  note      = {ISBN: 9780226669704}
}

@article{Dewdney1984,
  author    = {A. K. Dewdney},
  title     = {On the Spaghetti Computer and Other Analog Gadgets for Problem Solving},
  journal   = {Scientific American},
  year      = {1984},
  volume    = {250},
  number    = {6},
  pages     = {19--26},
  note      = {DOI: 10.1038/scientificamerican0684-19}
}

@article{Earman1993,
  author    = {John Earman and John D. Norton},
  title     = {Forever Is a Day: Supertasks in Pitowsky and Malament-Hogarth Spacetimes},
  journal   = {Philosophy of Science},
  year      = {1993},
  volume    = {60},
  number    = {1},
  pages     = {22--42},
  note      = {DOI: 10.1086/289711}
}

@article{MacLennan2009,
  author    = {Bruce J. MacLennan},
  title     = {Field Computation in Natural and Artificial Intelligence},
  journal   = {Natural Computing Series},
  year      = {2009},
  volume    = {8},
  number    = {3},
  pages     = {219--237},
  note      = {DOI: 10.1007/s11047-009-9113-1}
}

@article{Mills2008,
  author    = {James W. Mills},
  title     = {The Nature of the Extended Analog Computer},
  journal   = {Physica D: Nonlinear Phenomena},
  year      = {2008},
  volume    = {237},
  number    = {9},
  pages     = {1235--1256},
  note      = {DOI: 10.1016/j.physd.2008.01.010}
}

@article{Moore1996,
  author    = {Cristopher Moore},
  title     = {Recursion Theory on the Reals and Continuous-time Computation},
  journal   = {Theoretical Computer Science},
  year      = {1996},
  volume    = {162},
  number    = {1},
  pages     = {23--44},
  note      = {DOI: 10.1016/0304-3975(96)00142-7}
}

@book{vonNeumann1963,
  author    = {John von Neumann},
  title     = {The Computer and the Brain},
  publisher = {Yale University Press},
  year      = {1963},
  note      = {ISBN: 9780300181111}
}

@book{PourEl2017,
  author    = {Marian B. Pour-El and J. Ian Richards},
  title     = {Computability in Analysis and Physics},
  series    = {Perspectives in Mathematical Logic},
  publisher = {Springer},
  year      = {2017},
  note      = {ISBN: 9783642679043}
}

@article{Shannon1941,
  author    = {Claude E. Shannon},
  title     = {Mathematical Theory of the Differential Analyzer},
  journal   = {Journal of Mathematics and Physics},
  year      = {1941},
  volume    = {20},
  number    = {1-4},
  pages     = {337--354},
  note      = {DOI: 10.1002/sapm1941201337}
}

@book{Small2001,
  author    = {James S. Small},
  title     = {The Analogue Alternative: The Electronic Analogue Computer in Britain and the USA, 1930-1975},
  publisher = {Routledge},
  year      = {2001},
  note      = {ISBN: 9780415234191}
}

@book{Thompson2009,
  author    = {Adrian Thompson},
  title     = {Hardware Evolution: Automatic Design of Electronic Circuits in Reconfigurable Hardware by Artificial Evolution},
  publisher = {Springer},
  year      = {2009},
  note      = {ISBN: 9781447115871}
}

@book{Ulmann2013,
  author    = {Bernd Ulmann},
  title     = {Analog Computing},
  publisher = {De Gruyter Oldenbourg},
  year      = {2013},
  note      = {ISBN: 9783486710892}
}

@article{Vergis1986,
  author    = {Anastasios Vergis and Kenneth Steiglitz and Brian Dickinson},
  title     = {The Complexity of Analog Computation},
  journal   = {Mathematics and Computers in Simulation},
  year      = {1986},
  volume    = {28},
  number    = {2},
  pages     = {91--113},
  note      = {DOI: 10.1016/0378-4754(86)90072-X}
}

@article{Wigner1960,
  author    = {Eugene P. Wigner},
  title     = {The Unreasonable Effectiveness of Mathematics in the Natural Sciences},
  journal   = {Communications on Pure and Applied Mathematics},
  year      = {1960},
  volume    = {13},
  number    = {1},
  pages     = {1--14},
  note      = {DOI: 10.1002/cpa.3160130102}
}

@article{Zauner2005,
  author    = {K. Peter Zauner},
  title     = {Molecular Information Technology},
  journal   = {Critical Reviews in Solid State and Materials Sciences},
  year      = {2005},
  volume    = {30},
  number    = {1},
  pages     = {33--69},
  note      = {DOI: 10.1080/10408430590906528}
}