@book{Adamatzky2021,
  author    = {Andrew Adamatzky and Christof Teuscher},
  title     = {Unconventional Computing: From Classical to Molecular Computing},
  publisher = {Springer Nature},
  year      = {2021},
  note      = {ISBN: 978-3-030-54046-3}
}

@article{Benenson2019,
  author    = {Yaakov Benenson and Ehud Shapiro},
  title     = {Molecular Computing: Foundations and Biological Implementation},
  journal   = {Nature Reviews Chemistry},
  year      = {2019},
  volume    = {3},
  number    = {12},
  pages     = {761--777},
  note      = {DOI: 10.1038/s41570-019-0136-5}
}

@article{Dittrich2018,
  author    = {Peter Dittrich and Jens Ziegler and Wolfgang Banzhaf},
  title     = {Artificial Chemistries -- A Review},
  journal   = {Artificial Life},
  year      = {2001},
  volume    = {7},
  number    = {3},
  pages     = {225--275},
  note      = {DOI: 10.1162/106454601753238636}
}

@article{Hjelmfelt1991,
  author    = {Anders Hjelmfelt and Edward D. Weinberger and John Ross},
  title     = {Chemical Implementation of Neural Networks and Turing Machines},
  journal   = {Proceedings of the National Academy of Sciences},
  year      = {1991},
  volume    = {88},
  number    = {24},
  pages     = {10983--10987},
  note      = {DOI: 10.1073/pnas.88.24.10983}
}

@book{Katz2012,
  author    = {Evan Katz},
  title     = {Molecular and Supramolecular Information Processing: From Molecular Switches to Logic Systems},
  publisher = {Wiley-VCH},
  year      = {2012},
  note      = {ISBN: 978-3-527-33471-5}
}

@article{Lehn2013,
  author    = {Jean-Marie Lehn},
  title     = {Perspectives in Chemistry -- Steps Towards Complex Matter},
  journal   = {Angewandte Chemie International Edition},
  year      = {2013},
  volume    = {52},
  number    = {10},
  pages     = {2836--2850},
  note      = {DOI: 10.1002/anie.201208503}
}

@article{Magnasco1997,
  author    = {Marcelo O. Magnasco},
  title     = {Chemical Kinetics is Turing Universal},
  journal   = {Physical Review Letters},
  year      = {1997},
  volume    = {78},
  number    = {6},
  pages     = {1190--1193},
  note      = {DOI: 10.1103/PhysRevLett.78.1190}
}

@article{Prakash2007,
  author    = {Manu Prakash and Neil Gershenfeld},
  title     = {Microfluidic Bubble Logic},
  journal   = {Science},
  year      = {2007},
  volume    = {315},
  number    = {5813},
  pages     = {832--835},
  note      = {DOI: 10.1126/science.1136902}
}

@article{Qian2011,
  author    = {Lulu Qian and Erik Winfree},
  title     = {Scaling Up Digital Circuit Computation with DNA Strand Displacement Cascades},
  journal   = {Science},
  year      = {2011},
  volume    = {332},
  number    = {6034},
  pages     = {1196--1201},
  note      = {DOI: 10.1126/science.1200520}
}

@article{Soloveichik2010,
  author    = {David Soloveichik and Georg Seelig and Erik Winfree},
  title     = {DNA as a Universal Substrate for Chemical Kinetics},
  journal   = {Proceedings of the National Academy of Sciences},
  year      = {2010},
  volume    = {107},
  number    = {12},
  pages     = {5393--5398},
  note      = {DOI: 10.1073/pnas.0909380107}
}

@book{Szacilowski2012,
  author    = {Konrad Szacilowski},
  title     = {Infochemistry: Information Processing at the Nanoscale},
  publisher = {Wiley},
  year      = {2012},
  note      = {ISBN: 978-3-527-41130-0}
}

@article{Wang2021,
  author    = {Jing Wang and Lin Zhang and Qian Zhang},
  title     = {Chemical Computing: Current Status and Future Perspectives},
  journal   = {Chemical Reviews},
  year      = {2021},
  volume    = {121},
  number    = {15},
  pages     = {9160--9179},
  note      = {DOI: 10.1021/acs.chemrev.1c00025}
}