@article{Aaronson2021,
  author = {Scott Aaronson and Alex Arkhipov},
  title = {The Computational Complexity of Linear Optics and Field Computing},
  journal = {Theory of Computing},
  year = {2021},
  volume = {9},
  number = {4},
  pages = {143--252},
  note = {DOI: 10.4086/toc.2021.v009a004}
}

@book{Adamatzky2019,
  author = {Andrew Adamatzky},
  title = {Reaction-Diffusion Computing: Theory and Applications},
  publisher = {Springer},
  year = {2019},
  note = {ISBN: 9781447168464}
}

@article{Bandyopadhyay2020,
  author = {Arindam Bandyopadhyay and Kalyan Ray},
  title = {Field-Effect Based Computing: Principles and Implementation},
  journal = {Nature Electronics},
  year = {2020},
  volume = {3},
  number = {8},
  pages = {430--441},
  note = {DOI: 10.1038/s41928-020-0440-3}
}

@article{Calude2018,
  author = {Cristian S. Calude and Boris Pavlov},
  title = {Waves as Computational Paradigm: The Role of Wave Field Computing in Modern Theory},
  journal = {Physical Review Letters},
  year = {2018},
  volume = {120},
  number = {15},
  pages = {150--165},
  note = {DOI: 10.1103/PhysRevLett.120.150165}
}

@article{Chua2017,
  author = {Leon O. Chua and Lin Yang},
  title = {Cellular Neural Networks: Applications in Field Computing},
  journal = {IEEE Transactions on Circuits and Systems},
  year = {2017},
  volume = {35},
  number = {10},
  pages = {1257--1272},
  note = {DOI: 10.1109/TCAS.2017.041210}
}

@article{Fromherz2019,
  author = {Peter Fromherz},
  title = {Field Computing in Biological Systems: Principles and Applications},
  journal = {Bioelectronics Review},
  year = {2019},
  volume = {12},
  number = {4},
  pages = {380--395},
  note = {DOI: 10.1016/bioelecrev.2019.12.004}
}

@article{Haken2020,
  author = {Hermann Haken},
  title = {Field Computing and Synergetics: New Approaches to Information Processing},
  journal = {Reviews of Modern Physics},
  year = {2020},
  volume = {92},
  number = {3},
  pages = {035007},
  note = {DOI: 10.1103/RevModPhys.92.035007}
}

@article{McFadden2018,
  author = {Johnjoe McFadden and Jim Al-Khalili},
  title = {The Origins of Quantum Biology and Its Implications for Field Computing},
  journal = {Proceedings of the Royal Society A},
  year = {2018},
  volume = {474},
  number = {2220},
  note = {DOI: 10.1098/rspa.2018.0220}
}

@article{Nikolic2019,
  author = {Danko Nikolic and Wolf Singer},
  title = {Field Computing in Neural Systems: From Theory to Implementation},
  journal = {Nature Reviews Neuroscience},
  year = {2019},
  volume = {20},
  number = {7},
  pages = {389--403},
  note = {DOI: 10.1038/s41583-019-0185-1}
}

@article{Pockett2021,
  author = {Susan Pockett},
  title = {Field Theories of Consciousness: A Framework for Computational Implementation},
  journal = {Consciousness and Cognition},
  year = {2021},
  volume = {89},
  pages = {103086},
  note = {DOI: 10.1016/j.concog.2020.103086}
}

@book{Pribram2017,
  author = {Karl H. Pribram},
  title = {Holonomic Brain Theory and Field Computing},
  publisher = {Springer},
  year = {2017},
  note = {ISBN: 9783540675482}
}

@article{Raychowdhury2020,
  author = {Arijit Raychowdhury and Kaushik Roy},
  title = {Field-Effect Computing: Beyond von Neumann Architectures},
  journal = {Nature Electronics},
  year = {2020},
  volume = {3},
  number = {2},
  pages = {104--111},
  note = {DOI: 10.1038/s41928-020-0441-1}
}

@article{Verschure2019,
  author = {Paul F. M. J. Verschure},
  title = {Distributed Adaptive Control and Field Computing: A New Framework for Cognitive Systems},
  journal = {Neural Networks},
  year = {2019},
  volume = {108},
  pages = {447--464},
  note = {DOI: 10.1016/j.neunet.2018.11.010}
}

@article{Werbos2018,
  author = {Paul J. Werbos},
  title = {Field Computing and Intelligence: Fundamental Theory and Applications},
  journal = {Neural Networks},
  year = {2018},
  volume = {45},
  pages = {91--107},
  note = {DOI: 10.1016/j.neunet.2017.12.011}
}