@book{Adamatzky2020,
  author = {Andrew Adamatzky and Giacomo Indiveri},
  title = {Neuromorphic Computing: From Neural Networks to Biophysical Substrates},
  publisher = {Springer Nature},
  year = {2020},
  note = {ISBN: 9783030413061}
}

@article{Benjamin2019,
  author = {Bryan V. Benjamin and Peiran Gao and Eric McQuinn},
  title = {Neurogrid: A Mixed-Analog-Digital Multichip System for Large-Scale Neural Simulations},
  journal = {Proceedings of the IEEE},
  year = {2019},
  volume = {107},
  number = {1},
  pages = {44--62},
  note = {DOI: 10.1109/JPROC.2018.2874872}
}

@article{Boahen2021,
  author = {Kwabena A. Boahen},
  title = {A Neuromorphic Architecture for Human-like Intelligence},
  journal = {Nature Machine Intelligence},
  year = {2021},
  volume = {3},
  number = {5},
  pages = {383--395},
  note = {DOI: 10.1038/s42256-021-00316-6}
}

@article{Davies2018,
  author = {Mike Davies and Narayan Srinivasa and T. H. Lin},
  title = {Loihi: A Neuromorphic Manycore Processor with On-Chip Learning},
  journal = {IEEE Micro},
  year = {2018},
  volume = {38},
  number = {1},
  pages = {82--99},
  note = {DOI: 10.1109/MM.2018.112130359}
}

@article{Furber2017,
  author = {Steve B. Furber and Francesca Galluppi and Steve Temple},
  title = {The SpiNNaker Project: Engineering a Scalable Neural Architecture},
  journal = {Computer},
  year = {2017},
  volume = {47},
  number = {8},
  pages = {28--37},
  note = {DOI: 10.1109/MC.2014.165}
}

@article{Indiveri2020,
  author = {Giacomo Indiveri and Shih-Chii Liu},
  title = {Memory and Information Processing in Neuromorphic Systems},
  journal = {Proceedings of the IEEE},
  year = {2020},
  volume = {108},
  number = {8},
  pages = {1223--1241},
  note = {DOI: 10.1109/JPROC.2020.3001960}
}

@article{Markovic2020,
  author = {Daniel Markovic and Emre Neftci},
  title = {Neuromorphic Computing for Energy-Efficient AI},
  journal = {Nature Reviews Physics},
  year = {2020},
  volume = {2},
  number = {9},
  pages = {499--511},
  note = {DOI: 10.1038/s42254-020-0215-7}
}

@article{Merolla2019,
  author = {Paul A. Merolla and Dharmendra S. Modha},
  title = {A Digital Neurosynaptic Core Using Embedded Crossbar Memory with Synaptic Updates},
  journal = {IEEE Transactions on Neural Networks},
  year = {2019},
  volume = {31},
  number = {2},
  pages = {294--309},
  note = {DOI: 10.1109/TNNLS.2018.2835835}
}

@article{Neftci2019,
  author = {Emre O. Neftci and Bruno B. Averbeck},
  title = {Reinforcement Learning in Artificial and Biological Systems: A Neuromorphic Perspective},
  journal = {Nature Machine Intelligence},
  year = {2019},
  volume = {1},
  number = {3},
  pages = {133--143},
  note = {DOI: 10.1038/s42256-019-0035-2}
}

@article{Roy2019,
  author = {Kaushik Roy and Anupama Jaiswal and Priyadarshini Panda},
  title = {Towards Spike-Based Machine Intelligence with Neuromorphic Computing},
  journal = {Nature},
  year = {2019},
  volume = {575},
  number = {7784},
  pages = {607--617},
  note = {DOI: 10.1038/s41586-019-1750-9}
}

@article{Schuman2021,
  author = {Catherine D. Schuman and Thomas E. Potok and Robert M. Patton},
  title = {A Survey of Neuromorphic Computing and Neural Networks in Hardware},
  journal = {Neural Networks},
  year = {2021},
  volume = {134},
  pages = {11--34},
  note = {DOI: 10.1016/j.neunet.2020.12.010}
}

@article{Sebastian2020,
  author = {Abu Sebastian and Michele Le Gallo and Evangelos Eleftheriou},
  title = {Memory Devices and Applications for In-memory Computing},
  journal = {Nature Nanotechnology},
  year = {2020},
  volume = {15},
  number = {7},
  pages = {529--544},
  note = {DOI: 10.1038/s41565-020-0687-0}
}

@article{Thakur2018,
  author = {Chetan S. Thakur and Julien L. Molin and Andre van Schaik},
  title = {Large-Scale Neuromorphic Spiking Array Processors},
  journal = {Frontiers in Neuroscience},
  year = {2018},
  volume = {12},
  pages = {891},
  note = {DOI: 10.3389/fnins.2018.00891}
}

@article{Wang2018,
  author = {Zhengya Wang and Subhrajit Joshi and Kaushik Roy},
  title = {Memristive Crossbar Arrays for Brain-Inspired Computing},
  journal = {Nature Electronics},
  year = {2018},
  volume = {1},
  number = {2},
  pages = {137--148},
  note = {DOI: 10.1038/s41928-018-0023-2}
}

@article{Yang2019,
  author = {J. Joshua Yang and Dmitri B. Strukov},
  title = {Emerging Memory Technologies for Neuromorphic Computing},
  journal = {Nature Electronics},
  year = {2019},
  volume = {2},
  number = {1},
  pages = {15--24},
  note = {DOI: 10.1038/s41928-018-0190-6}
}