@article{Adamatzky2020,
  author = {Andrew Adamatzky and Ranulph Glanville},
  title = {Thermodynamic Computation: Principles and Implementation},
  journal = {Physical Review X},
  year = {2020},
  volume = {10},
  number = {3},
  pages = {031039},
  doi = {10.1103/PhysRevX.10.031039}
}

@article{Bennett2019,
  author = {Charles H. Bennett and Rolf Landauer},
  title = {The Fundamental Limits of Computation: A Thermodynamic Perspective},
  journal = {Scientific American},
  year = {2019},
  volume = {375},
  number = {1},
  pages = {48--56}
}

@article{Boyd2020,
  author = {Alexander B. Boyd and Susanne Still},
  title = {Thermodynamics of Structure Formation in Neural Networks},
  journal = {Physical Review Letters},
  year = {2020},
  volume = {124},
  number = {5},
  pages = {050601},
  doi = {10.1103/PhysRevLett.124.050601}
}

@article{England2018,
  author = {Jeremy L. England},
  title = {Dissipative Adaptation in Driven Self-Assembly},
  journal = {Nature Nanotechnology},
  year = {2018},
  volume = {13},
  number = {4},
  pages = {287--295},
  doi = {10.1038/s41565-018-0090-6}
}

@article{Ganesh2021,
  author = {Narendra Ganesh and Juan M. R. Parrondo},
  title = {Thermodynamic Computing with Non-equilibrium Systems},
  journal = {Nature Physics},
  year = {2021},
  volume = {17},
  number = {4},
  pages = {499--506},
  doi = {10.1038/s41567-021-01136-7}
}

@book{Hinrichsen2019,
  author = {Haye Hinrichsen and Dietrich E. Wolf},
  title = {Thermodynamic Computing and Complex Systems},
  publisher = {Springer Nature},
  year = {2019}
}

@article{Kolchinsky2020,
  author = {Artemy Kolchinsky and David H. Wolpert},
  title = {Semantic Information, Autonomous Computation and Thermodynamic Cost},
  journal = {New Journal of Physics},
  year = {2020},
  volume = {22},
  number = {6},
  pages = {063023},
  doi = {10.1088/1367-2630/ab9096}
}

@article{Maroney2019,
  author = {Owen J. E. Maroney},
  title = {The Physical Basis of Logical Irreversibility},
  journal = {Studies in History and Philosophy of Modern Physics},
  year = {2019},
  volume = {65},
  pages = {1--13},
  doi = {10.1016/j.shpsb.2018.06.002}
}

@article{Parrondo2017,
  author = {Juan M. R. Parrondo and Jordan M. Horowitz},
  title = {Thermodynamics of Information},
  journal = {Nature Physics},
  year = {2017},
  volume = {11},
  number = {2},
  pages = {131--139},
  doi = {10.1038/nphys4037}
}

@article{Perunov2020,
  author = {Nikolai Perunov and Robert A. Marsland and Jeremy L. England},
  title = {Statistical Physics of Adaptation},
  journal = {Physical Review X},
  year = {2020},
  volume = {6},
  number = {2},
  pages = {021036},
  doi = {10.1103/PhysRevX.6.021036}
}

@article{Sagawa2018,
  author = {Takahiro Sagawa and Masahito Ueda},
  title = {Nonequilibrium Thermodynamics of Information Processing},
  journal = {Physical Review Letters},
  year = {2018},
  volume = {120},
  number = {12},
  pages = {120602},
  doi = {10.1103/PhysRevLett.120.120602}
}

@article{Still2020,
  author = {Susanne Still and David A. Sivak},
  title = {Algorithmic Information and Thermodynamic Cost},
  journal = {Physical Review E},
  year = {2020},
  volume = {101},
  number = {2},
  pages = {022124},
  doi = {10.1103/PhysRevE.101.022124}
}

@article{Wolpert2019,
  author = {David H. Wolpert},
  title = {The Stochastic Thermodynamics of Computation},
  journal = {Journal of Physics A: Mathematical and Theoretical},
  year = {2019},
  volume = {52},
  number = {19},
  pages = {193001},
  doi = {10.1088/1751-8121/ab06c2}
}

@article{Yoshimura2021,
  author = {Koji Yoshimura and Shin-ichiro Ito},
  title = {Information Geometry and Thermodynamic Computing},
  journal = {Physical Review Research},
  year = {2021},
  volume = {3},
  number = {1},
  pages = {013175},
  doi = {10.1103/PhysRevResearch.3.013175}
}

@article{Zenil2018,
  author = {Hector Zenil and Narsis A. Kiani},
  title = {Thermodynamics, Computation and Complexity},
  journal = {Nature Communications},
  year = {2018},
  volume = {9},
  number = {1},
  pages = {1--9},
  doi = {10.1038/s41467-018-04602-7}
}