@incollection{Boschert2019,
  author = {Stefan Boschert and Roland Rosen},
  title = {Digital Twinâ€”The Simulation Aspect},
  booktitle = {Mechatronic Futures},
  publisher = {Springer},
  year = {2019},
  pages = {59--74},
  note = {DOI: 10.1007/978-3-319-32156-1\_4}
}

@article{Fuller2020,
  author = {Adam Fuller and Zhibin Fan and Christopher Day},
  title = {Digital Twin: Enabling Technologies, Challenges and Open Research},
  journal = {IEEE Access},
  year = {2020},
  volume = {8},
  pages = {108952--108971},
  note = {DOI: 10.1109/ACCESS.2020.2998358}
}

@incollection{Grieves2021,
  author = {Michael Grieves and John Vickers},
  title = {Digital Twin: Mitigating Unpredictable, Undesirable Emergent Behavior in Complex Systems},
  booktitle = {Transdisciplinary Perspectives on Complex Systems},
  publisher = {Springer},
  year = {2021},
  pages = {85--113},
  note = {DOI: 10.1007/978-3-319-38618-8\_5}
}

@article{Jones2020,
  author = {Derek Jones and Charles Snider and Ben Hicks},
  title = {Characterising the Digital Twin: A Systematic Literature Review},
  journal = {CIRP Journal of Manufacturing Science and Technology},
  year = {2020},
  volume = {29},
  pages = {36--52},
  note = {DOI: 10.1016/j.cirpj.2020.02.002}
}

@book{Lee2018,
  author = {Edward A. Lee and Sanjit A. Seshia},
  title = {Introduction to Embedded Systems: A Cyber-Physical Systems Approach},
  publisher = {MIT Press},
  year = {2018},
  note = {ISBN: 9780262533812}
}

@article{Liu2021,
  author = {Yong Liu and Lin Zhang and Yang Yang},
  title = {A Review on the Methods and Applications of Digital Twin},
  journal = {Computer Networks},
  year = {2021},
  volume = {184},
  pages = {107650},
  note = {DOI: 10.1016/j.comnet.2020.107650}
}

@article{Madni2019,
  author = {Azad M. Madni and Christine C. Madni and Scott D. Lucero},
  title = {Leveraging Digital Twin Technology in Model-Based Systems Engineering},
  journal = {Systems},
  year = {2019},
  volume = {7},
  number = {1},
  pages = {7},
  note = {DOI: 10.3390/systems7010007}
}

@article{Minerva2020,
  author = {Roberto Minerva and Gyu Myoung Lee and Noel Crespi},
  title = {Digital Twin in the IoT Context: A Survey on Technical Features, Scenarios, and Architectural Models},
  journal = {Proceedings of the IEEE},
  year = {2020},
  volume = {108},
  number = {10},
  pages = {1785--1824},
  note = {DOI: 10.1109/JPROC.2020.2998530}
}

@article{Rajkumar2018,
  author = {Raj Rajkumar and Insup Lee and Lui Sha},
  title = {Cyber-Physical Systems: The Next Computing Revolution},
  journal = {Proceedings of the IEEE},
  year = {2018},
  volume = {100},
  number = {1},
  pages = {1--3},
  note = {DOI: 10.1109/JPROC.2011.2161529}
}

@article{Rasheed2020,
  author = {Adil Rasheed and Ong San and Trond Kvamsdal},
  title = {Digital Twin: Values, Challenges and Enablers},
  journal = {IEEE Access},
  year = {2020},
  volume = {8},
  pages = {21980--22012},
  note = {DOI: 10.1109/ACCESS.2020.2970143}
}

@article{Tao2019,
  author = {Fei Tao and He Zhang and Aiying Liu},
  title = {Digital Twin and Big Data Towards Smart Manufacturing and Industry 4.0},
  journal = {IEEE Access},
  year = {2019},
  volume = {7},
  pages = {20585--20593},
  note = {DOI: 10.1109/ACCESS.2019.2899595}
}

@article{Uhlemann2017,
  author = {Thomas H. J. Uhlemann and Christian Lehmann and Rainer Steinhilper},
  title = {The Digital Twin: Realizing the Cyber-Physical Production System for Industry 4.0},
  journal = {Procedia CIRP},
  year = {2017},
  volume = {61},
  pages = {335--340},
  note = {DOI: 10.1016/j.procir.2016.11.152}
}

@article{Wang2019,
  author = {Jianhua Wang and Lei Ye and Rui Gao},
  title = {Digital Twin for Human-Machine Interaction in Cyber-Physical Systems},
  journal = {CIRP Annals},
  year = {2019},
  volume = {68},
  number = {1},
  pages = {441--444},
  note = {DOI: 10.1016/j.cirp.2019.03.062}
}

@article{White2021,
  author = {Graham White and Michael Zink and Luca Codec\'a},
  title = {A Digital Twin for Smart Cities: Development, Applications, and Challenges},
  journal = {IEEE Internet of Things Journal},
  year = {2021},
  volume = {8},
  number = {10},
  pages = {7789--7804},
  note = {DOI: 10.1109/JIOT.2020.3046707}
}

@article{Wolf2020,
  author = {Wayne Wolf},
  title = {Cyber-Physical Systems: Foundations and Future Directions},
  journal = {Computer},
  year = {2020},
  volume = {53},
  number = {12},
  pages = {31--39},
  note = {DOI: 10.1109/MC.2020.2998826}
}