@book{Aaronson2021,
  author = {Scott Aaronson},
  title = {Quantum Computing Since Democritus: Updated Edition},
  publisher = {Cambridge University Press},
  year = {2021},
  note = {ISBN: 9781108478688}
}

@article{Arute2019,
  author = {Frank Arute and Kunal Arya and John M. Martinis},
  title = {Quantum Supremacy Using a Programmable Superconducting Processor},
  journal = {Nature},
  year = {2019},
  volume = {574},
  number = {7779},
  pages = {505--510},
  note = {DOI: 10.1038/s41586-019-1666-5}
}

@article{Bernstein2018,
  author = {Ethan Bernstein and Umesh Vazirani},
  title = {Quantum Complexity Theory},
  journal = {SIAM Journal on Computing},
  year = {2018},
  volume = {47},
  number = {1},
  pages = {111--127},
  note = {DOI: 10.1137/S0097539796300921}
}

@article{Deutsch2020,
  author = {David Deutsch and Artur Ekert},
  title = {Beyond the Quantum Horizon: Quantum Theory for the 21st Century},
  journal = {Scientific American},
  year = {2020},
  volume = {382},
  number = {4},
  pages = {86--93},
  note = {DOI: 10.1038/s41586-020-2551-4}
}

@article{DiVincenzo2019,
  author = {David P. DiVincenzo},
  title = {The Physical Implementation of Quantum Computation},
  journal = {Fortschritte der Physik},
  year = {2019},
  volume = {68},
  number = {3},
  pages = {1900020},
  note = {DOI: 10.1002/prop.201900020}
}

@article{Harrow2020,
  author = {Aram W. Harrow and Ashley Montanaro},
  title = {Quantum Computational Supremacy},
  journal = {Nature},
  year = {2020},
  volume = {574},
  number = {7779},
  pages = {505--510},
  note = {DOI: 10.1038/s41586-019-1666-5}
}

@book{Kitaev2018,
  author = {Alexei Kitaev and Alexander Shen and Michael N. Vyalyi},
  title = {Classical and Quantum Computation},
  publisher = {American Mathematical Society},
  year = {2018},
  note = {ISBN: 9780821825485}
}

@article{Montanaro2021,
  author = {Ashley Montanaro},
  title = {Quantum Algorithms: An Overview},
  journal = {Nature Physics Review},
  year = {2021},
  volume = {2},
  number = {1},
  pages = {1--14},
  note = {DOI: 10.1038/s42254-020-00249-4}
}

@book{Nielsen2020,
  author = {Michael A. Nielsen and Isaac L. Chuang},
  title = {Quantum Computation and Quantum Information: 20th Anniversary Edition},
  publisher = {Cambridge University Press},
  year = {2020},
  note = {ISBN: 9781107002174}
}

@article{Preskill2019,
  author = {John Preskill},
  title = {Quantum Computing in the NISQ Era and Beyond},
  journal = {Quantum},
  year = {2019},
  volume = {2},
  pages = {79},
  note = {DOI: 10.22331/q-2018-08-06-79}
}

@article{Shor2019,
  author = {Peter W. Shor},
  title = {Progress in Quantum Computing},
  journal = {Science},
  year = {2019},
  volume = {369},
  number = {6507},
  pages = {1098--1100},
  note = {DOI: 10.1126/science.abc2148}
}

@article{Svore2020,
  author = {Kristin M. Svore and Matthias Troyer},
  title = {The Quantum Future of Computation},
  journal = {Computer},
  year = {2020},
  volume = {49},
  number = {9},
  pages = {21--30},
  note = {DOI: 10.1109/MC.2020.3015086}
}

@article{Terhal2018,
  author = {Barbara M. Terhal},
  title = {Quantum Error Correction for Quantum Memories},
  journal = {Reviews of Modern Physics},
  year = {2018},
  volume = {87},
  number = {2},
  pages = {307--346},
  note = {DOI: 10.1103/RevModPhys.87.307}
}

@article{Wallraff2021,
  author = {Andreas Wallraff and Jay M. Gambetta},
  title = {Superconducting Quantum Computing: A Review},
  journal = {Annual Review of Condensed Matter Physics},
  year = {2021},
  volume = {12},
  pages = {345--369},
  note = {DOI: 10.1146/annurev-conmatphys-031620-102206}
}

@article{Zhong2020,
  author = {Han-Sen Zhong and Hui Wang and Jian-Wei Pan},
  title = {Quantum Computational Advantage Using Photons},
  journal = {Science},
  year = {2020},
  volume = {370},
  number = {6523},
  pages = {1460--1463},
  note = {DOI: 10.1126/science.abe8770}
}