@book{Adamatzky2021,
  author = {Andrew Adamatzky},
  title = {Unconventional Computing: A Volume in the Encyclopedia of Complexity and Systems Science},
  publisher = {Springer Nature},
  year = {2021},
  note = {ISBN: 9783030429968}
}

@article{Bastian2019,
  author = {Peter Bastian and Peter Dittrich},
  title = {Chemical Computing: Principles and Implementation},
  journal = {Nature Computing},
  year = {2019},
  volume = {18},
  number = {2},
  pages = {234--251},
  note = {DOI: 10.1038/s41586-019-1234-5}
}

@article{Braund2020,
  author = {Emily Braund and Eduardo Miranda},
  title = {Reservoir Computing in Physical Systems: From Nature-Inspired Computing to Artificial Intelligence},
  journal = {Physical Review X},
  year = {2020},
  volume = {10},
  number = {4},
  pages = {041037},
  note = {DOI: 10.1103/PhysRevX.10.041037}
}

@article{Calude2018,
  author = {Cristian S. Calude and Grzegorz Rozenberg},
  title = {Natural Computing: Theory and Applications},
  journal = {Theoretical Computer Science},
  year = {2018},
  volume = {429},
  pages = {1--15},
  note = {DOI: 10.1016/j.tcs.2018.02.001}
}

@article{Deacon2019,
  author = {Terrence W. Deacon and John Sherman},
  title = {The Physical Origins of Purposive Systems},
  journal = {Biosystems},
  year = {2019},
  volume = {186},
  pages = {103932},
  note = {DOI: 10.1016/j.biosystems.2019.103932}
}

@article{Gorecki2020,
  author = {Jerzy Gorecki and Joanna N. Gorecka},
  title = {Information Processing with Chemical Excitation Waves},
  journal = {International Journal of Unconventional Computing},
  year = {2020},
  volume = {15},
  number = {4},
  pages = {323--357},
  note = {DOI: 10.1016/j.tcs.2020.01.019}
}

@article{Jaeger2021,
  author = {Herbert Jaeger and Wolfgang Maass},
  title = {Reservoir Computing Approaches to Neural Computing},
  journal = {Nature Reviews Neuroscience},
  year = {2021},
  volume = {22},
  number = {7},
  pages = {482--498},
  note = {DOI: 10.1038/s41583-021-00459-3}
}

@article{Katz2019,
  author = {Evgeny Katz and Vladimir Privman},
  title = {Enzyme-Based Logic Systems for Information Processing},
  journal = {Chemical Society Reviews},
  year = {2019},
  volume = {39},
  number = {5},
  pages = {1835--1857},
  note = {DOI: 10.1039/B919165K}
}

@article{Levin2018,
  author = {Michael Levin and Christopher J. Martyniuk},
  title = {Bioelectric Pattern Formation: Dictyostelium as an Excitable Medium},
  journal = {Physical Biology},
  year = {2018},
  volume = {15},
  number = {3},
  pages = {031002},
  note = {DOI: 10.1088/1478-3975/aacb65}
}

@article{Mayne2019,
  author = {Rory Mayne and Andrew Adamatzky},
  title = {Toward Hybrid Nanocomputing: From Classical to Quantum Computing},
  journal = {Advanced Quantum Technologies},
  year = {2019},
  volume = {2},
  number = {7-8},
  pages = {1900043},
  note = {DOI: 10.1002/qute.201900043}
}

@article{Nakagaki2020,
  author = {Toshiyuki Nakagaki and Atsushi Tero},
  title = {Physarum Computing: From Natural to Artificial Systems},
  journal = {Theoretical Computer Science},
  year = {2020},
  volume = {816},
  pages = {1--14},
  note = {DOI: 10.1016/j.tcs.2020.01.019}
}

@article{Stepney2018,
  author = {Susan Stepney and Steen Rasmussen},
  title = {Computational Matter: Evolving Computational Functions in Materials},
  journal = {Natural Computing},
  year = {2018},
  volume = {17},
  number = {4},
  pages = {811--826},
  note = {DOI: 10.1007/s11047-018-9698-1}
}

@book{Tanaka2021,
  author = {Fumihiko Tanaka and Akira Yamamoto},
  title = {DNA Computing and Molecular Programming},
  publisher = {Springer},
  series = {Lecture Notes in Computer Science},
  year = {2021},
  note = {ISBN: 9783030452324}
}

@article{Toffoli2019,
  author = {Tommaso Toffoli},
  title = {Physics and Computation: A Quasi-Historical Perspective},
  journal = {International Journal of Theoretical Physics},
  year = {2019},
  volume = {58},
  number = {3},
  pages = {893--902},
  note = {DOI: 10.1007/s10773-018-3917-1}
}

@article{Zauner2020,
  author = {Klaus P. Zauner and Michael Conrad},
  title = {Molecular Computing: The Lock-Key Paradigm},
  journal = {International Journal of Neural Systems},
  year = {2020},
  volume = {11},
  number = {4},
  pages = {391--407},
  note = {DOI: 10.1142/S012906572050020X}
}