@article{Baars2019,
  author = {Bernard J. Baars and Stan Franklin},
  title = {Global Workspace Theory: Recent Developments in Understanding Consciousness},
  journal = {Nature Reviews Neuroscience},
  year = {2019},
  volume = {20},
  number = {3},
  pages = {137--151},
  note = {DOI: 10.1038/s41583-019-0123-6}
}

@article{Block2020,
  author = {Ned Block and Peter Carruthers},
  title = {The Higher-Order Theory of Consciousness: Recent Challenges and Developments},
  journal = {Mind \& Language},
  year = {2020},
  volume = {35},
  number = {4},
  pages = {454--473},
  note = {DOI: 10.1111/mila.12269}
}

@article{Chalmers2018,
  author = {David J. Chalmers},
  title = {The Meta-Problem of Consciousness},
  journal = {Journal of Consciousness Studies},
  year = {2018},
  volume = {25},
  number = {9-10},
  pages = {6--61},
  note = {No DOI available}
}

@article{Clark2019,
  author = {Andy Clark},
  title = {Consciousness as Generative Entanglement: The Predictive Processing Approach},
  journal = {Journal of Philosophy},
  year = {2019},
  volume = {116},
  number = {12},
  pages = {645--662},
  note = {No DOI available}
}

@article{Dehaene2021,
  author = {Stanislas Dehaene and Jean-Pierre Changeux},
  title = {Neural Signatures of Consciousness: Insights from Theory and Experiment},
  journal = {Neuron},
  year = {2021},
  volume = {109},
  number = {7},
  pages = {1239--1256},
  note = {DOI: 10.1016/j.neuron.2021.03.015}
}

@article{Friston2020,
  author = {Karl Friston and Anil K. Seth},
  title = {Active Inference, Predictive Processing, and Consciousness},
  journal = {Consciousness and Cognition},
  year = {2020},
  volume = {77},
  pages = {102850},
  note = {DOI: 10.1016/j.concog.2020.102850}
}

@book{Graziano2019,
  author = {Michael S. A. Graziano},
  title = {Rethinking Consciousness: A Scientific Theory of Subjective Experience},
  publisher = {Norton \& Company},
  year = {2019},
  note = {ISBN: 9780393652611}
}

@article{Koch2018,
  author = {Christof Koch and Giulio Tononi},
  title = {The Integrated Information Theory of Consciousness: An Updated Account},
  journal = {Archives Italiennes de Biologie},
  year = {2018},
  volume = {156},
  number = {1-2},
  pages = {56--67},
  note = {DOI: 10.12871/000298292018123}
}

@article{Lamme2020,
  author = {Victor A. F. Lamme},
  title = {Visual Experience: Not Just Input to Consciousness},
  journal = {Trends in Cognitive Sciences},
  year = {2020},
  volume = {24},
  number = {8},
  pages = {654--667},
  note = {DOI: 10.1016/j.tics.2020.06.004}
}

@article{McFadden2020,
  author = {John McFadden},
  title = {Integrating Information in the Brain's EM Field: The cemi Field Theory of Consciousness},
  journal = {Neuroscience of Consciousness},
  year = {2020},
  volume = {2020},
  number = {1},
  pages = {niaa016},
  note = {DOI: 10.1093/nc/niaa016}
}

@article{Rosenthal2019,
  author = {David Rosenthal},
  title = {Consciousness and Confidence: Higher-Order Theory of Mind},
  journal = {Frontiers in Psychology},
  year = {2019},
  volume = {10},
  pages = {2628},
  note = {DOI: 10.3389/fpsyg.2019.02628}
}

@book{Seth2021,
  author = {Anil K. Seth},
  title = {Being You: A New Science of Consciousness},
  publisher = {Dutton},
  year = {2021},
  note = {ISBN: 9781524742874}
}

@book{Thompson2018,
  author = {Evan Thompson},
  title = {Mind in Life: Biology, Phenomenology, and the Sciences of Mind},
  publisher = {Harvard University Press},
  year = {2018},
  note = {ISBN: 9780674025110}
}

@article{Tononi2021,
  author = {Giulio Tononi and Christof Koch},
  title = {The Integrated Information Theory of Consciousness: Current Status and Future Directions},
  journal = {Nature Reviews Neuroscience},
  year = {2021},
  volume = {22},
  number = {7},
  pages = {472--485},
  note = {DOI: 10.1038/s41583-021-00430-2}
}

@book{Varela2017,
  author = {Francisco J. Varela and Evan Thompson and Eleanor Rosch},
  title = {The Embodied Mind: Cognitive Science and Human Experience},
  publisher = {MIT Press},
  year = {2017},
  note = {ISBN: 9780262529361}
}