@incollection{Chalmers2015,
  author    = {David J. Chalmers},
  title     = {Panpsychism and Panprotopsychism},
  booktitle = {Consciousness in the Physical World: Perspectives on Russellian Monism},
  editor    = {T. Alter and Y. Nagasawa},
  publisher = {Oxford University Press},
  year      = {2015},
  pages     = {246--276},
  note      = {ISBN: 9780199927357}
}

@book{Goff2019,
  author    = {Philip Goff},
  title     = {Galileo's Error: Foundations for a New Science of Consciousness},
  publisher = {Pantheon Books},
  year      = {2019},
  note      = {ISBN: 9781524747961}
}

@book{Koch2019,
  author    = {Christof Koch},
  title     = {The Feeling of Life Itself: Why Consciousness Is Widespread but Can't Be Computed},
  publisher = {MIT Press},
  year      = {2019},
  note      = {ISBN: 9780262042819}
}

@incollection{Nagel1979,
  author    = {Thomas Nagel},
  title     = {Panpsychism},
  booktitle = {Mortal Questions},
  publisher = {Cambridge University Press},
  year      = {1979},
  pages     = {181--195},
  note      = {ISBN: 9780521223607}
}

@article{Tononi2008,
  author    = {Giulio Tononi},
  title     = {Consciousness as Integrated Information: A Provisional Manifesto},
  journal   = {The Biological Bulletin},
  year      = {2008},
  volume    = {215},
  number    = {3},
  pages     = {216--242},
  note      = {DOI: 10.2307/25470707}
}

@article{Tononi2015,
  author    = {Giulio Tononi and Christof Koch},
  title     = {Consciousness: Here, There and Everywhere?},
  journal   = {Philosophical Transactions of the Royal Society B},
  year      = {2015},
  volume    = {370},
  number    = {1668},
  pages     = {20140167},
  note      = {DOI: 10.1098/rstb.2014.0167}
}

@article{Tononi2016,
  author    = {Giulio Tononi and Marcello Boly and Massimini and Christof Koch},
  title     = {Integrated Information Theory: From Consciousness to Its Physical Substrate},
  journal   = {Nature Reviews Neuroscience},
  year      = {2016},
  volume    = {17},
  number    = {7},
  pages     = {450--461},
  note      = {DOI: 10.1038/nrn.2016.44}
}

@article{Strawson2006,
  author    = {Galen Strawson},
  title     = {Realistic Monism: Why Physicalism Entails Panpsychism},
  journal   = {Journal of Consciousness Studies},
  year      = {2006},
  volume    = {13},
  number    = {10-11},
  pages     = {3--31}
}

@book{Skrbina2017,
  author    = {David Skrbina},
  title     = {Panpsychism in the West (Revised Edition)},
  publisher = {MIT Press},
  year      = {2017},
  note      = {ISBN: 9780262533690}
}

@incollection{Mathews2011,
  author    = {Freya Mathews},
  title     = {Panpsychism as Paradigm},
  booktitle = {The Mental as Fundamental: New Perspectives on Panpsychism},
  editor    = {M. Blamauer},
  publisher = {Ontos Verlag},
  year      = {2011},
  pages     = {141--155},
  note      = {ISBN: 9783868381100}
}

@article{Oizumi2014,
  author    = {Masafumi Oizumi and Larissa Albantakis and Giulio Tononi},
  title     = {From the Phenomenology to the Mechanisms of Consciousness: Integrated Information Theory 3.0},
  journal   = {PLoS Computational Biology},
  year      = {2014},
  volume    = {10},
  number    = {5},
  pages     = {e1003588},
  note      = {DOI: 10.1371/journal.pcbi.1003588}
}

@article{Shani2015,
  author    = {Itay Shani},
  title     = {Cosmopsychism: A Holistic Approach to the Metaphysics of Experience},
  journal   = {Philosophical Papers},
  year      = {2015},
  volume    = {44},
  number    = {3},
  pages     = {389--437},
  note      = {DOI: 10.1080/05568641.2015.1106706}
}