@book{Baars1988,
  author = {Bernard J. Baars},
  title = {A Cognitive Theory of Consciousness},
  publisher = {Cambridge University Press},
  year = {1988},
  note = {ISBN: 9780521301336}
}

@article{Baars2002,
  author = {Bernard J. Baars},
  title = {The Conscious Access Hypothesis: Origins and Recent Evidence},
  journal = {Trends in Cognitive Sciences},
  year = {2002},
  volume = {6},
  number = {1},
  pages = {47--52},
  note = {DOI: 10.1016/S1364-6613(00)01819-2}
}

@article{Baars2013,
  author = {Bernard J. Baars and Stan Franklin and Thomas Z. Ramsoy},
  title = {Global Workspace Dynamics: Cortical Binding and Propagation Enables Conscious Contents},
  journal = {Frontiers in Psychology},
  year = {2013},
  volume = {4},
  pages = {200},
  note = {DOI: 10.3389/fpsyg.2013.00200}
}

@book{Dehaene2014,
  author = {Stanislas Dehaene},
  title = {Consciousness and the Brain: Deciphering How the Brain Codes Our Thoughts},
  publisher = {Viking},
  year = {2014},
  note = {ISBN: 9780670025435}
}

@article{Dehaene2011,
  author = {Stanislas Dehaene and Jean-Pierre Changeux},
  title = {Experimental and Theoretical Approaches to Conscious Processing},
  journal = {Neuron},
  year = {2011},
  volume = {70},
  number = {2},
  pages = {200--227},
  note = {DOI: 10.1016/j.neuron.2011.03.018}
}

@article{Dehaene2006,
  author = {Stanislas Dehaene and Jean-Pierre Changeux and Lionel Naccache and J. Sackur and C. Sergent},
  title = {Conscious, Preconscious, and Subliminal Processing: A Testable Taxonomy},
  journal = {Trends in Cognitive Sciences},
  year = {2006},
  volume = {10},
  number = {5},
  pages = {204--211},
  note = {DOI: 10.1016/j.tics.2006.03.007}
}

@article{Dehaene2001,
  author = {Stanislas Dehaene and Lionel Naccache},
  title = {Towards a Cognitive Neuroscience of Consciousness: Basic Evidence and a Workspace Framework},
  journal = {Cognition},
  year = {2001},
  volume = {79},
  number = {1-2},
  pages = {1--37},
  note = {DOI: 10.1016/S0010-0277(00)00123-2}
}

@article{Franklin1999,
  author = {Stan Franklin and Arthur Graesser},
  title = {A Software Agent Model of Consciousness},
  journal = {Consciousness and Cognition},
  year = {1999},
  volume = {8},
  number = {3},
  pages = {285--301},
  note = {DOI: 10.1006/ccog.1999.0384}
}

@article{Mashour2020,
  author = {George A. Mashour and Pieter Roelfsema and Jean-Pierre Changeux and Stanislas Dehaene},
  title = {Conscious Processing and the Global Neuronal Workspace Hypothesis},
  journal = {Neuron},
  year = {2020},
  volume = {105},
  number = {5},
  pages = {776--798},
  note = {DOI: 10.1016/j.neuron.2020.01.026}
}

@article{Sergent2004,
  author = {Claire Sergent and Stanislas Dehaene},
  title = {Is Consciousness a Gradual Phenomenon? Evidence for an All-or-None Bifurcation During the Attentional Blink},
  journal = {Psychological Science},
  year = {2004},
  volume = {15},
  number = {11},
  pages = {720--728},
  note = {DOI: 10.1111/j.0956-7976.2004.00748.x}
}

@article{Shanahan2012,
  author = {Murray Shanahan},
  title = {The Brain's Connective Core and Its Role in Animal Cognition},
  journal = {Philosophical Transactions of the Royal Society B: Biological Sciences},
  year = {2012},
  volume = {367},
  number = {1603},
  pages = {2704--2714},
  note = {DOI: 10.1098/rstb.2012.0128}
}

@book{Wallace2005,
  author = {Rodrick Wallace},
  title = {Consciousness: A Mathematical Treatment of the Global Neuronal Workspace Model},
  publisher = {Springer},
  year = {2005},
  note = {ISBN: 9780387263275}
}