@article{Blackmore2002,
  author = {Susan Blackmore},
  title = {There is No Stream of Consciousness},
  journal = {Journal of Consciousness Studies},
  year = {2002},
  volume = {9},
  number = {5-6},
  pages = {17--28},
  note = {Available at: \url{https://www.susanblackmore.uk/articles/there-is-no-stream-of-consciousness/}}
}

@book{Dennett1991,
  author = {Daniel C. Dennett},
  title = {Consciousness Explained},
  publisher = {Little, Brown and Company},
  year = {1991},
  note = {ISBN: 9780316180665}
}

@article{Dennett2016,
  author = {Daniel C. Dennett},
  title = {Illusionism as the Obvious Default Theory of Consciousness},
  journal = {Journal of Consciousness Studies},
  year = {2016},
  volume = {23},
  number = {11-12},
  pages = {65--72}
}

@article{Dennett1992,
  author = {Daniel C. Dennett and Marcel Kinsbourne},
  title = {Time and the Observer: The Where and When of Consciousness in the Brain},
  journal = {Behavioral and Brain Sciences},
  year = {1992},
  volume = {15},
  number = {2},
  pages = {183--201},
  note = {DOI: 10.1017/S0140525X00068229}
}

@article{Frankish2016,
  author = {Keith Frankish},
  title = {Illusionism as a Theory of Consciousness},
  journal = {Journal of Consciousness Studies},
  year = {2016},
  volume = {23},
  number = {11-12},
  pages = {11--39}
}

@article{Frankish2019,
  author = {Keith Frankish},
  title = {The Meta-Problem of Consciousness and the Phenomenal Concept Strategy},
  journal = {Journal of Consciousness Studies},
  year = {2019},
  volume = {26},
  number = {9-10},
  pages = {124--139}
}

@book{Humphrey2011,
  author = {Nicholas Humphrey},
  title = {Soul Dust: The Magic of Consciousness},
  publisher = {Princeton University Press},
  year = {2011},
  note = {ISBN: 9780691148595}
}

@book{Pereboom2011,
  author = {Derk Pereboom},
  title = {Consciousness and the Prospects of Physicalism},
  publisher = {Oxford University Press},
  year = {2011},
  note = {ISBN: 9780199764035}
}

@incollection{Rey1995,
  author = {Georges Rey},
  title = {Towards a Projectivist Account of Conscious Experience},
  booktitle = {Conscious Experience},
  editor = {Thomas Metzinger},
  publisher = {Ferdinand Sch√∂ningh},
  year = {1995},
  pages = {123--142}
}

@book{Schwitzgebel2011,
  author = {Eric Schwitzgebel},
  title = {Perplexities of Consciousness},
  publisher = {MIT Press},
  year = {2011},
  note = {ISBN: 9780262516475}
}

@book{Thompson2014,
  author = {Evan Thompson},
  title = {Waking, Dreaming, Being: Self and Consciousness in Neuroscience, Meditation, and Philosophy},
  publisher = {Columbia University Press},
  year = {2014},
  note = {ISBN: 9780231137096}
}

@incollection{VanGulick2018,
  author = {Robert Van Gulick},
  title = {Multiple Drafts Model},
  booktitle = {The Philosophy of Mind: A Beginner's Guide},
  editor = {Richard Turner},
  publisher = {University of Chicago Press},
  year = {2018},
  pages = {147--159}
}