@book{Graziano2013,
  author = {Michael S. A. Graziano},
  title = {Consciousness and the Social Brain},
  publisher = {Oxford University Press},
  year = {2013},
  note = {ISBN: 9780199928642}
}

@book{Graziano2019,
  author = {Michael S. A. Graziano},
  title = {Rethinking Consciousness: A Scientific Theory of Subjective Experience},
  publisher = {W. W. Norton \& Company},
  year = {2019},
  note = {ISBN: 9781324000907}
}

@article{Graziano2011,
  author = {Michael S. A. Graziano and Sabine Kastner},
  title = {Human consciousness and its relationship to social neuroscience: A novel hypothesis},
  journal = {Cognitive Neuroscience},
  year = {2011},
  volume = {2},
  number = {2},
  pages = {98--113},
  note = {DOI: 10.1080/17588928.2011.565121}
}

@article{GrazianoWebb2015,
  author = {Michael S. A. Graziano and Taylor W. Webb},
  title = {The attention schema theory: A mechanistic account of subjective awareness},
  journal = {Frontiers in Psychology},
  year = {2015},
  volume = {6},
  pages = {500},
  note = {DOI: 10.3389/fpsyg.2015.00500}
}

@article{Kelly2014,
  author = {Yarrow T. Kelly and Taylor W. Webb and James D. Meier and Michael J. Arcaro and Michael S. A. Graziano},
  title = {Attributing awareness to oneself and to others},
  journal = {Proceedings of the National Academy of Sciences},
  year = {2014},
  volume = {111},
  number = {13},
  pages = {5012--5017},
  note = {DOI: 10.1073/pnas.1401201111}
}

@article{Webb2016,
  author = {Taylor W. Webb and Kristoffer M. Igelstr√∂m and Aaron Schurger and Michael S. A. Graziano},
  title = {Cortical networks involved in visual awareness independent of visual attention},
  journal = {Proceedings of the National Academy of Sciences},
  year = {2016},
  volume = {113},
  number = {48},
  pages = {13923--13928},
  note = {DOI: 10.1073/pnas.1611505113}
}

@article{WebbKemper2020,
  author = {Taylor W. Webb and Carol M. Kemper and Nayoung Kim and Alyssa M. W. Reblando and Michael S. A. Graziano},
  title = {Attention control and the attention schema theory of consciousness},
  journal = {Progress in Neurobiology},
  year = {2020},
  volume = {195},
  pages = {101844},
  note = {DOI: 10.1016/j.pneurobio.2020.101844}
}

@article{Graziano2002,
  author = {Michael S. A. Graziano and Charlotte S. R. Taylor and Thomas Moore},
  title = {Complex movements evoked by microstimulation of precentral cortex},
  journal = {Neuron},
  year = {2002},
  volume = {34},
  number = {5},
  pages = {841--851},
  note = {DOI: 10.1016/S0896-6273(02)00698-0}
}

@article{Graziano2017,
  author = {Michael S. A. Graziano},
  title = {The attention schema theory: A foundation for engineering artificial consciousness},
  journal = {Frontiers in Robotics and AI},
  year = {2017},
  volume = {4},
  pages = {60},
  note = {DOI: 10.3389/frobt.2017.00060}
}

@incollection{Kelly2016,
  author = {Yarrow T. Kelly and Michael S. A. Graziano},
  title = {A mechanistic model of consciousness},
  booktitle = {The Neurology of Consciousness (Second Edition)},
  editor = {Steven Laureys and Olivia Gosseries and Giulio Tononi},
  publisher = {Academic Press},
  year = {2016},
  pages = {35--46}
}