@book{Armstrong1968,
  author = {D. M. Armstrong},
  title = {A Materialist Theory of the Mind},
  publisher = {Routledge \& Kegan Paul},
  year = {1968},
  note = {ISBN: 9780710036346}
}

@article{Brown2019,
  author = {R. Brown and H. Lau and J. E. LeDoux},
  title = {Understanding the higher-order approach to consciousness},
  journal = {Trends in Cognitive Sciences},
  year = {2019},
  volume = {23},
  number = {9},
  pages = {754--768},
  note = {DOI: 10.1016/j.tics.2019.06.009}
}

@book{Carruthers2000,
  author = {P. Carruthers},
  title = {Phenomenal Consciousness: A Naturalistic Theory},
  publisher = {Cambridge University Press},
  year = {2000},
  note = {ISBN: 9780521783908}
}

@article{Cleeremans2011,
  author = {A. Cleeremans},
  title = {The radical plasticity thesis: How the brain learns to be conscious},
  journal = {Frontiers in Psychology},
  year = {2011},
  volume = {2},
  pages = {86},
  note = {DOI: 10.3389/fpsyg.2011.00086}
}

@book{Gennaro2012,
  author = {R. J. Gennaro},
  title = {The Consciousness Paradox: Consciousness, Concepts, and Higher-Order Thoughts},
  publisher = {MIT Press},
  year = {2012},
  note = {ISBN: 9780262016606}
}

@book{Hofstadter2007,
  author = {D. R. Hofstadter},
  title = {I Am a Strange Loop},
  publisher = {Basic Books},
  year = {2007},
  note = {ISBN: 9780465030798}
}

@book{Kriegel2009,
  author = {U. Kriegel},
  title = {Subjective Consciousness: A Self-Representational Theory},
  publisher = {Oxford University Press},
  year = {2009},
  note = {ISBN: 9780199570355}
}

@article{Lau2011,
  author = {H. Lau and D. Rosenthal},
  title = {Empirical support for higher-order theories of conscious awareness},
  journal = {Trends in Cognitive Sciences},
  year = {2011},
  volume = {15},
  number = {8},
  pages = {365--373},
  note = {DOI: 10.1016/j.tics.2011.05.009}
}

@article{LeDoux2017,
  author = {J. E. LeDoux and R. Brown},
  title = {A higher-order theory of emotional consciousness},
  journal = {Proceedings of the National Academy of Sciences},
  year = {2017},
  volume = {114},
  number = {10},
  pages = {E2016--E2025},
  note = {DOI: 10.1073/pnas.1619316114}
}

@book{Lycan1996,
  author = {W. G. Lycan},
  title = {Consciousness and Experience},
  publisher = {MIT Press},
  year = {1996},
  note = {ISBN: 9780262621046}
}

@book{Rosenthal2005,
  author = {D. M. Rosenthal},
  title = {Consciousness and Mind},
  publisher = {Oxford University Press},
  year = {2005},
  note = {ISBN: 9780198236979}
}

@article{Rosenthal2019,
  author = {D. M. Rosenthal},
  title = {Consciousness and confidence},
  journal = {Neuropsychologia},
  year = {2019},
  volume = {128},
  pages = {255--265},
  note = {DOI: 10.1016/j.neuropsychologia.2018.03.016}
}