@article{Clark2013,
  author = {A. Clark},
  title = {Whatever next? Predictive brains, situated agents, and the future of cognitive science},
  journal = {Behavioral and Brain Sciences},
  year = {2013},
  volume = {36},
  number = {3},
  pages = {181--204},
  note = {DOI: 10.1017/S0140525X12000477}
}

@book{Clark2016,
  author = {A. Clark},
  title = {Surfing Uncertainty: Prediction, Action, and the Embodied Mind},
  publisher = {Oxford University Press},
  year = {2016},
  note = {ISBN: 9780190217017}
}

@article{Friston2010,
  author = {K. Friston},
  title = {The free-energy principle: A unified brain theory?},
  journal = {Nature Reviews Neuroscience},
  year = {2010},
  volume = {11},
  number = {2},
  pages = {127--138},
  note = {DOI: 10.1038/nrn2787}
}

@article{Friston2009,
  author = {K. Friston and S. Kiebel},
  title = {Predictive coding under the free-energy principle},
  journal = {Philosophical Transactions of the Royal Society B: Biological Sciences},
  year = {2009},
  volume = {364},
  number = {1521},
  pages = {1211--1221},
  note = {DOI: 10.1098/rstb.2008.0300}
}

@book{Hohwy2013,
  author = {J. Hohwy},
  title = {The Predictive Mind},
  publisher = {Oxford University Press},
  year = {2013},
  note = {ISBN: 9780199682731}
}

@article{Hohwy2008,
  author = {J. Hohwy and A. Roepstorff and K. Friston},
  title = {Predictive coding explains binocular rivalry: An epistemological review},
  journal = {Cognition},
  year = {2008},
  volume = {108},
  number = {3},
  pages = {687--701},
  note = {DOI: 10.1016/j.cognition.2008.05.010}
}

@article{Rao1999,
  author = {R. P. Rao and D. H. Ballard},
  title = {Predictive coding in the visual cortex: A functional interpretation of some extra-classical receptive-field effects},
  journal = {Nature Neuroscience},
  year = {1999},
  volume = {2},
  number = {1},
  pages = {79--87},
  note = {DOI: 10.1038/4580}
}

@article{Seth2014,
  author = {A. K. Seth},
  title = {A predictive processing theory of sensorimotor contingencies: Explaining the puzzle of perceptual presence and its absence in synesthesia},
  journal = {Cognitive Neuroscience},
  year = {2014},
  volume = {5},
  number = {2},
  pages = {97--118},
  note = {DOI: 10.1080/17588928.2013.877880}
}

@article{Seth2016,
  author = {A. K. Seth and K. J. Friston},
  title = {Active interoceptive inference and the emotional brain},
  journal = {Philosophical Transactions of the Royal Society B: Biological Sciences},
  year = {2016},
  volume = {371},
  number = {1708},
  pages = {20160007},
  note = {DOI: 10.1098/rstb.2016.0007}
}

@article{Seth2012,
  author = {A. K. Seth and K. Suzuki and H. D. Critchley},
  title = {An interoceptive predictive coding model of conscious presence},
  journal = {Frontiers in Psychology},
  year = {2012},
  volume = {2},
  pages = {395},
  note = {DOI: 10.3389/fpsyg.2011.00395}
}

@inbook{Wiese2017,
  author = {W. Wiese and T. Metzinger},
  title = {Vanilla PP for philosophers: A primer on predictive processing},
  booktitle = {Philosophy and Predictive Processing},
  publisher = {MIND Group},
  year = {2017}
}

@article{Kirchhoff2018,
  author = {M. D. Kirchhoff and I. Robertson},
  title = {Enactivist interventions: Rethinking the mind},
  journal = {Synthese},
  year = {2018},
  volume = {195},
  number = {11},
  pages = {5087--5111},
  note = {DOI: 10.1007/s11229-017-1430-8}
}