@article{Barrett2011,
  author = {A. B. Barrett and A. K. Seth},
  title = {Practical measures of integrated information for time-series data},
  journal = {PLoS Computational Biology},
  year = {2011},
  volume = {7},
  number = {1},
  pages = {e1001052},
  note = {DOI: 10.1371/journal.pcbi.1001052}
}

@article{Frohlich2010,
  author = {F. Fr√∂hlich and D. A. McCormick},
  title = {Endogenous electric fields may guide neocortical network activity},
  journal = {Neuron},
  year = {2010},
  volume = {67},
  number = {1},
  pages = {129--143},
  note = {DOI: 10.1016/j.neuron.2010.06.005}
}

@article{McFadden2002,
  author = {J. McFadden},
  title = {The conscious electromagnetic information (cemi) field theory: The hard problem made easy?},
  journal = {Journal of Consciousness Studies},
  year = {2002},
  volume = {9},
  number = {8},
  pages = {45--60}
}

@article{McFadden2020,
  author = {J. McFadden},
  title = {Integrating information in the brain's EM field: The cemi field theory of consciousness},
  journal = {Neuroscience of Consciousness},
  year = {2020},
  volume = {2020},
  number = {1},
  pages = {niaa016},
  note = {DOI: 10.1093/nc/niaa016}
}

@book{Pockett2000,
  author = {S. Pockett},
  title = {The Nature of Consciousness: A Hypothesis},
  publisher = {Writers Club Press},
  year = {2000},
  note = {ISBN: 9780595092895}
}

@article{Pockett2012,
  author = {S. Pockett},
  title = {The electromagnetic field theory of consciousness: A testable hypothesis about the characteristics of conscious as opposed to non-conscious fields},
  journal = {Journal of Consciousness Studies},
  year = {2012},
  volume = {19},
  number = {11-12},
  pages = {191--223}
}

@book{Prinz2012,
  author = {J. J. Prinz},
  title = {The Conscious Brain: How Attention Engenders Experience},
  publisher = {Oxford University Press},
  year = {2012},
  note = {ISBN: 9780195313233}
}

@article{Radman2007,
  author = {T. Radman and Y. Su and J. H. An and L. C. Parra and M. Bikson},
  title = {Spike timing amplifies the effect of electric fields on neurons: Implications for endogenous field effects},
  journal = {Journal of Neuroscience},
  year = {2007},
  volume = {27},
  number = {11},
  pages = {3030--3036},
  note = {DOI: 10.1523/JNEUROSCI.0095-07.2007}
}

@article{Rouleau2014,
  author = {N. Rouleau and B. T. Dotta},
  title = {Electromagnetic fields as structure-function zeitgebers in biological systems: Environmental orchestrations of morphogenesis and consciousness},
  journal = {Frontiers in Integrative Neuroscience},
  year = {2014},
  volume = {8},
  pages = {84},
  note = {DOI: 10.3389/fnint.2014.00084}
}

@article{Singer2001,
  author = {W. Singer},
  title = {Consciousness and the binding problem},
  journal = {Annals of the New York Academy of Sciences},
  year = {2001},
  volume = {929},
  number = {1},
  pages = {123--146},
  note = {DOI: 10.1111/j.1749-6632.2001.tb05712.x}
}

@article{Weiss2010,
  author = {S. A. Weiss and D. S. Faber},
  title = {Field effects in the CNS play functional roles},
  journal = {Frontiers in Neural Circuits},
  year = {2010},
  volume = {4},
  pages = {15},
  note = {DOI: 10.3389/fncir.2010.00015}
}

@article{John2001,
  author = {E. R. John},
  title = {A field theory of consciousness},
  journal = {Consciousness and Cognition},
  year = {2001},
  volume = {10},
  number = {2},
  pages = {184--213},
  note = {DOI: 10.1006/ccog.2000.0480}
}