@article{Baluska2016,
  author = {F. Balu≈°ka and M. Levin},
  title = {On having no head: Cognition throughout biological systems},
  journal = {Frontiers in Psychology},
  year = {2016},
  volume = {7},
  pages = {902},
  note = {DOI: 10.3389/fpsyg.2016.00902}
}

@article{Fields2020,
  author = {C. Fields and M. Levin},
  title = {Scale-free biology: Integrating evolutionary and developmental thinking},
  journal = {BioEssays},
  year = {2020},
  volume = {42},
  number = {8},
  pages = {1900228},
  note = {DOI: 10.1002/bies.201900228}
}

@book{Lane2015,
  author = {N. Lane},
  title = {The Vital Question: Energy, Evolution, and the Origins of Complex Life},
  publisher = {W.W. Norton \& Company},
  year = {2015},
  note = {ISBN: 9780393352979}
}

@article{Levin2019,
  author = {M. Levin},
  title = {The computational boundary of a "self": Developmental bioelectricity drives multicellularity and scale-free cognition},
  journal = {Frontiers in Psychology},
  year = {2019},
  volume = {10},
  pages = {2688},
  note = {DOI: 10.3389/fpsyg.2019.02688}
}

@article{Levin2018,
  author = {M. Levin and C. J. Martyniuk},
  title = {The bioelectric code: An ancient computational medium for dynamic control of growth and form},
  journal = {Biosystems},
  year = {2018},
  volume = {164},
  pages = {76--93},
  note = {DOI: 10.1016/j.biosystems.2017.08.009}
}

@article{Lyon2015,
  author = {P. Lyon},
  title = {The cognitive cell: Bacterial behavior reconsidered},
  journal = {Frontiers in Microbiology},
  year = {2015},
  volume = {6},
  pages = {264},
  note = {DOI: 10.3389/fmicb.2015.00264}
}

@article{Margulis2001,
  author = {L. Margulis},
  title = {The conscious cell},
  journal = {Annals of the New York Academy of Sciences},
  year = {2001},
  volume = {929},
  number = {1},
  pages = {55--70},
  note = {DOI: 10.1111/j.1749-6632.2001.tb05709.x}
}

@article{Manicka2019,
  author = {S. Manicka and M. Levin},
  title = {The cognitive lens: A primer on conceptual tools for analysing information processing in developmental and regenerative morphogenesis},
  journal = {Philosophical Transactions of the Royal Society B},
  year = {2019},
  volume = {374},
  number = {1774},
  pages = {20180369},
  note = {DOI: 10.1098/rstb.2018.0369}
}

@article{Mitchell2016,
  author = {A. Mitchell and W. Lim},
  title = {Cellular perception and misperception: Internal models for decision-making shaped by evolutionary experience},
  journal = {Trends in Cell Biology},
  year = {2016},
  volume = {26},
  number = {6},
  pages = {445--454},
  note = {DOI: 10.1016/j.tcb.2016.02.010}
}

@article{Pattee2001,
  author = {H. H. Pattee},
  title = {The physics of symbols: Bridging the epistemic cut},
  journal = {Biosystems},
  year = {2001},
  volume = {60},
  number = {1-3},
  pages = {5--21},
  note = {DOI: 10.1016/S0303-2647(01)00104-6}
}

@article{Shapiro2007,
  author = {J. A. Shapiro},
  title = {Bacteria are small but not stupid: Cognition, natural genetic engineering and socio-bacteriology},
  journal = {Studies in History and Philosophy of Science Part C},
  year = {2007},
  volume = {38},
  number = {4},
  pages = {807--819},
  note = {DOI: 10.1016/j.shpsc.2007.09.010}
}

@article{vanDuijn2006,
  author = {M. van Duijn and F. Keijzer and D. Franken},
  title = {Principles of minimal cognition: Casting cognition as sensorimotor coordination},
  journal = {Adaptive Behavior},
  year = {2006},
  volume = {14},
  number = {2},
  pages = {157--170},
  note = {DOI: 10.1177/105971230601400207}
}