@article{Beck1992,
  author = {F. Beck and J. C. Eccles},
  title = {Quantum aspects of brain activity and the role of consciousness},
  journal = {Proceedings of the National Academy of Sciences},
  year = {1992},
  volume = {89},
  number = {23},
  pages = {11357--11361},
  note = {doi: 10.1073/pnas.89.23.11357}
}

@article{Bohm1990,
  author = {D. Bohm},
  title = {A new theory of the relationship of mind and matter},
  journal = {Philosophical Psychology},
  year = {1990},
  volume = {3},
  number = {2},
  pages = {271--286},
  note = {doi: 10.1080/09515089008573004}
}

@article{Hagan2002,
  author = {S. Hagan and S. R. Hameroff and J. A. Tuszy≈Ñski},
  title = {Quantum computation in brain microtubules: Decoherence and biological feasibility},
  journal = {Physical Review E},
  year = {2002},
  volume = {65},
  number = {6},
  pages = {061901},
  note = {doi: 10.1103/PhysRevE.65.061901}
}

@article{Hameroff2014,
  author = {S. Hameroff and R. Penrose},
  title = {Consciousness in the universe: A review of the 'Orch OR' theory},
  journal = {Physics of Life Reviews},
  year = {2014},
  volume = {11},
  number = {1},
  pages = {39--78},
  note = {doi: 10.1016/j.plrev.2013.08.002}
}

@article{Koch2006,
  author = {C. Koch and K. Hepp},
  title = {Quantum mechanics in the brain},
  journal = {Nature},
  year = {2006},
  volume = {440},
  number = {7084},
  pages = {611--612},
  note = {doi: 10.1038/440611a}
}

@book{Penrose1989,
  author = {R. Penrose},
  title = {The Emperor's New Mind: Concerning Computers, Minds, and the Laws of Physics},
  publisher = {Oxford University Press},
  year = {1989},
  note = {ISBN: 9780198519737}
}

@book{Penrose1994,
  author = {R. Penrose},
  title = {Shadows of the Mind: A Search for the Missing Science of Consciousness},
  publisher = {Oxford University Press},
  year = {1994},
  note = {ISBN: 9780198539780}
}

@book{Stapp2009,
  author = {H. P. Stapp},
  title = {Mind, Matter and Quantum Mechanics},
  edition = {3rd},
  publisher = {Springer},
  year = {2009},
  note = {doi: 10.1007/978-3-540-89638-0}
}

@article{Tegmark2000,
  author = {M. Tegmark},
  title = {Importance of quantum decoherence in brain processes},
  journal = {Physical Review E},
  year = {2000},
  volume = {61},
  number = {4},
  pages = {4194--4206},
  note = {doi: 10.1103/PhysRevE.61.4194}
}

@book{Vitiello2001,
  author = {G. Vitiello},
  title = {My Double Unveiled: The Dissipative Quantum Model of Brain},
  publisher = {John Benjamins Publishing},
  year = {2001},
  note = {doi: 10.1075/aicr.36}
}

@book{Walker2000,
  author = {E. H. Walker},
  title = {The Physics of Consciousness: Quantum Minds and the Meaning of Life},
  publisher = {Perseus Publishing},
  year = {2000}
}