@book{Clark1997,
  author    = {Andy Clark},
  title     = {Being There: Putting Brain, Body, and World Together Again},
  publisher = {MIT Press},
  year      = {1997},
  note      = {ISBN: 9780262032407}
}

@book{Csordas1994,
  author    = {Thomas J. Csordas},
  title     = {Embodiment and Experience: The Existential Ground of Culture and Self},
  publisher = {Cambridge University Press},
  year      = {1994},
  note      = {ISBN: 9780521458900}
}

@book{Dreyfus1992,
  author    = {Hubert L. Dreyfus},
  title     = {What Computers Still Can't Do: A Critique of Artificial Reason},
  publisher = {MIT Press},
  year      = {1992},
  note      = {ISBN: 9780262540674}
}

@book{Gallagher2005,
  author    = {Shaun Gallagher},
  title     = {How the Body Shapes the Mind},
  publisher = {Oxford University Press},
  year      = {2005},
  note      = {ISBN: 9780199271948}
}

@book{Gibson1979,
  author    = {James J. Gibson},
  title     = {The Ecological Approach to Visual Perception},
  publisher = {Houghton Mifflin},
  year      = {1979},
  note      = {ISBN: 9780898599596}
}

@book{Howes2003,
  author    = {David Howes},
  title     = {Sensual Relations: Engaging the Senses in Culture and Social Theory},
  publisher = {University of Michigan Press},
  year      = {2003},
  note      = {ISBN: 9780472031986}
}

@book{Ingold2000,
  author    = {Tim Ingold},
  title     = {The Perception of the Environment: Essays on Livelihood, Dwelling and Skill},
  publisher = {Routledge},
  year      = {2000},
  note      = {ISBN: 9780415228329}
}

@book{Jackson1989,
  author    = {Michael Jackson},
  title     = {Paths Toward a Clearing: Radical Empiricism and Ethnographic Inquiry},
  publisher = {Indiana University Press},
  year      = {1989},
  note      = {ISBN: 9780253205244}
}

@book{Lakoff1999,
  author    = {George Lakoff and Mark Johnson},
  title     = {Philosophy in the Flesh: The Embodied Mind and Its Challenge to Western Thought},
  publisher = {Basic Books},
  year      = {1999},
  note      = {ISBN: 9780465056743}
}

@book{Leder1990,
  author    = {Drew Leder},
  title     = {The Absent Body},
  publisher = {University of Chicago Press},
  year      = {1990},
  note      = {ISBN: 9780226470001}
}

@book{Marchand2010,
  author    = {Timothy H. J. Marchand},
  title     = {Making Knowledge: Explorations of the Indissoluble Relation Between Mind, Body, and Environment},
  publisher = {Royal Anthropological Institute},
  year      = {2010},
  note      = {ISBN: 9781444337472}
}

@book{MerleauPonty1962,
  author    = {Maurice Merleau-Ponty},
  title     = {Phenomenology of Perception},
  publisher = {Routledge \& Kegan Paul},
  year      = {1962},
  note      = {ISBN: 9780415278416}
}

@book{Noe2004,
  author    = {Alva NoÃ«},
  title     = {Action in Perception},
  publisher = {MIT Press},
  year      = {2004},
  note      = {ISBN: 9780262140881}
}

@book{Thompson2007,
  author    = {Evan Thompson},
  title     = {Mind in Life: Biology, Phenomenology, and the Sciences of Mind},
  publisher = {Harvard University Press},
  year      = {2007},
  note      = {ISBN: 9780674025111}
}

@book{Varela1991,
  author    = {Francisco J. Varela and Evan Thompson and Eleanor Rosch},
  title     = {The Embodied Mind: Cognitive Science and Human Experience},
  publisher = {MIT Press},
  year      = {1991},
  note      = {ISBN: 9780262720212}
}