@book{Buzsaki2019,
  author = {G. Buzsáki},
  title = {The Brain from Inside Out},
  publisher = {Oxford University Press},
  year = {2019},
  note = {ISBN: 9780190905385}
}

@inbook{DePasquale2020,
  author = {F. De Pasquale and L. Marzetti},
  title = {Brain Networks and Their Relevance for Brain Function},
  booktitle = {The Oxford Handbook of Human Brain Function},
  publisher = {Oxford University Press},
  year = {2020},
  note = {ISBN: 9780199669608}
}

@article{Fox2010,
  author = {M. D. Fox and M. Greicius},
  title = {Clinical Applications of Resting State Functional Connectivity},
  journal = {Frontiers in Systems Neuroscience},
  volume = {4},
  pages = {19},
  year = {2010},
  note = {DOI: 10.3389/fnsys.2010.00019}
}

@article{Gallegos2020,
  author = {J. M. Gallegos and others},
  title = {Transcriptomic and Epigenetic Regulation of Neural Cell Identity},
  journal = {Neuroscience Research},
  volume = {159},
  pages = {10--22},
  year = {2020},
  note = {DOI: 10.1016/j.neures.2020.04.004}
}

@article{He2014,
  author = {B. J. He},
  title = {Scale-Free Brain Activity: Past, Present, and Future},
  journal = {Trends in Cognitive Sciences},
  volume = {18},
  number = {9},
  pages = {480--487},
  year = {2014},
  note = {DOI: 10.1016/j.tics.2014.04.003}
}

@article{Kucyi2017,
  author = {A. Kucyi and K. D. Davis},
  title = {The Neural Basis of Consciousness},
  journal = {Neuropsychologia},
  volume = {105},
  pages = {92--104},
  year = {2017},
  note = {DOI: 10.1016/j.neuropsychologia.2017.11.037}
}

@article{Magistretti2018,
  author = {P. J. Magistretti and I. Allaman},
  title = {Lactate in the Brain: From Metabolic End-Product to Signalling Molecule},
  journal = {Nature Reviews Neuroscience},
  volume = {19},
  number = {4},
  pages = {235--249},
  year = {2018},
  note = {DOI: 10.1038/nrn.2018.19}
}

@article{Northoff2020,
  author = {G. Northoff and V. A. Lamme},
  title = {Neural Signs and Mechanisms of Consciousness: A Theoretical Framework},
  journal = {Neuroscience \& Biobehavioral Reviews},
  volume = {118},
  pages = {568--591},
  year = {2020},
  note = {DOI: 10.1016/j.neubiorev.2020.08.016}
}

@article{Palva2018,
  author = {S. Palva and J. M. Palva},
  title = {Roles of Brain Criticality and Multiscale Oscillations in Temporal Predictions for Sensorimotor Processing},
  journal = {Trends in Neurosciences},
  volume = {41},
  number = {10},
  pages = {729--743},
  year = {2018},
  note = {DOI: 10.1016/j.tins.2018.09.001}
}

@book{Sherrington2018,
  author = {D. Sherrington},
  title = {Thermodynamic Brain: Information and Neural Networks},
  publisher = {Oxford University Press},
  year = {2018},
  note = {ISBN: 9780199646104}
}

@article{Tononi2015,
  author = {G. Tononi and C. Koch},
  title = {Consciousness: Here, There and Everywhere?},
  journal = {Philosophical Transactions of the Royal Society B},
  volume = {370},
  number = {1668},
  pages = {20140167},
  year = {2015},
  note = {DOI: 10.1098/rstb.2014.0167}
}

@article{Vertes2015,
  author = {P. E. Vertes and E. T. Bullmore},
  title = {Annual Research Review: Growth Connectomics–The Organization and Reorganization of Brain Networks During Normal and Abnormal Development},
  journal = {Journal of Child Psychology and Psychiatry},
  volume = {56},
  number = {3},
  pages = {299--320},
  year = {2015},
  note = {DOI: 10.1111/jcpp.12365}
}

@article{Watts2018,
  author = {M. E. Watts and others},
  title = {Biophysical Measurement of Brain Temperature During Neural Recording},
  journal = {Journal of Neuroscience Methods},
  volume = {307},
  pages = {1--8},
  year = {2018},
  note = {DOI: 10.1016/j.jneumeth.2018.06.003}
}

@article{Zhang2019,
  author = {Y. Zhang and others},
  title = {Measuring Energy Metabolism in Cultured Cells, Including Human Pluripotent Stem Cells and Differentiated Cells},
  journal = {Nature Protocols},
  volume = {14},
  number = {2},
  pages = {410--437},
  year = {2019},
  note = {DOI: 10.1038/s41596-018-0114-4}
}