@article{Bassett2017,
  author = {D. S. Bassett and O. Sporns},
  title = {Network Neuroscience},
  journal = {Nature Neuroscience},
  volume = {20},
  number = {3},
  pages = {353--364},
  year = {2017},
  note = {DOI: 10.1038/nn.4502}
}

@article{Bezaires2013,
  author = {J. E. Niven},
  title = {Neuronal Energy Consumption: Biophysics, Efficiency and Evolution},
  journal = {Current Opinion in Neurobiology},
  volume = {41},
  pages = {129--135},
  year = {2016},
  note = {DOI: 10.1016/j.conb.2016.09.004}
}

@article{Chow2020,
  author = {B. W. Chow and others},
  title = {Calcium-Independent Astrocytic Lipid Release Modulates Neuronal Excitability},
  journal = {Cell Reports},
  volume = {31},
  number = {12},
  pages = {107880},
  year = {2020},
  note = {DOI: 10.1016/j.celrep.2020.107880}
}

@article{Dehaene2011,
  author = {S. Dehaene and J. P. Changeux},
  title = {Experimental and Theoretical Approaches to Conscious Processing},
  journal = {Neuron},
  volume = {70},
  number = {2},
  pages = {200--227},
  year = {2011},
  note = {DOI: 10.1016/j.neuron.2011.03.018}
}

@article{DiNuzzo2017,
  author = {M. DiNuzzo and M. Nedergaard},
  title = {Brain Energetics During the Sleep-Wake Cycle},
  journal = {Current Opinion in Neurobiology},
  volume = {47},
  pages = {65--72},
  year = {2017},
  note = {DOI: 10.1016/j.conb.2017.09.010}
}

@article{Howarth2012,
  author = {C. Howarth and others},
  title = {Updated Energy Budgets for Neural Computation in the Neocortex and Cerebellum},
  journal = {Journal of Cerebral Blood Flow \& Metabolism},
  volume = {32},
  number = {7},
  pages = {1222--1232},
  year = {2012},
  note = {DOI: 10.1038/jcbfm.2012.35}
}

@article{Kuzum2014,
  author = {D. Kuzum and others},
  title = {Nanoelectronic Devices for Brain Mapping and Neural Interfaces},
  journal = {Advanced Materials},
  volume = {26},
  number = {17},
  pages = {2885--2893},
  year = {2014},
  note = {DOI: 10.1002/adma.201305083}
}

@article{Lisman2018,
  author = {J. Lisman and others},
  title = {Memory Circuits: Mechanisms and Models},
  journal = {Nature Reviews Neuroscience},
  volume = {19},
  number = {9},
  pages = {547--563},
  year = {2018},
  note = {DOI: 10.1038/s41583-018-0031-8}
}

@article{Michel2018,
  author = {C. M. Michel and T. Koenig},
  title = {EEG Microstates as a Tool for Studying the Temporal Dynamics of Whole-Brain Neuronal Networks},
  journal = {NeuroImage},
  volume = {180},
  pages = {577--593},
  year = {2018},
  note = {DOI: 10.1016/j.neuroimage.2017.11.062}
}

@article{Poskanzer2016,
  author = {K. E. Poskanzer and R. Yuste},
  title = {Astrocytic Regulation of Cortical UP States},
  journal = {Proceedings of the National Academy of Sciences},
  volume = {113},
  number = {19},
  pages = {E2675--E2684},
  year = {2016},
  note = {DOI: 10.1073/pnas.1520759113}
}

@article{Raichle2015,
  author = {M. E. Raichle},
  title = {The Brain's Default Mode Network},
  journal = {Annual Review of Neuroscience},
  volume = {38},
  pages = {433--447},
  year = {2015},
  note = {DOI: 10.1146/annurev-neuro-071013-014030}
}

@article{Scholvinck2013,
  author = {M. L. Sch√∂lvinck and others},
  title = {Neural Basis of Global Resting-State fMRI Activity},
  journal = {Proceedings of the National Academy of Sciences},
  volume = {110},
  number = {26},
  pages = {10238--10243},
  year = {2013},
  note = {DOI: 10.1073/pnas.1303273110}
}

@article{Turrigiano2017,
  author = {G. G. Turrigiano},
  title = {The Dialectic of Hebb and Homeostasis},
  journal = {Philosophical Transactions of the Royal Society B},
  volume = {372},
  number = {1715},
  pages = {20160258},
  year = {2017},
  note = {DOI: 10.1098/rstb.2016.0258}
}

@article{Yizhar2011,
  author = {O. Yizhar and others},
  title = {Optogenetics in Neural Systems},
  journal = {Neuron},
  volume = {71},
  number = {1},
  pages = {9--34},
  year = {2011},
  note = {DOI: 10.1016/j.neuron.2011.06.004}
}