@article{Barton2000,
  author = {R. A. Barton and P. H. Harvey},
  title = {Mosaic Evolution of Brain Structure in Mammals},
  journal = {Nature},
  volume = {405},
  number = {6790},
  pages = {1055--1058},
  year = {2000},
  note = {DOI: 10.1038/35016580}
}

@article{Boly2013,
  author = {M. Boly and A. K. Seth and M. Wilke and P. Ingmundson and B. Baars and S. Laureys and D. B. Edelman},
  title = {Consciousness in Humans and Non-human Animals: Recent Advances and Future Directions},
  journal = {Frontiers in Psychology},
  volume = {4},
  pages = {625},
  year = {2013},
  note = {DOI: 10.3389/fpsyg.2013.00625}
}

@article{Clayton2015,
  author = {N. S. Clayton and N. J. Emery},
  title = {Avian Models for Human Cognitive Neuroscience: A Proposal},
  journal = {Neuron},
  volume = {86},
  number = {6},
  pages = {1330--1342},
  year = {2015},
  note = {DOI: 10.1016/j.neuron.2015.05.002}
}

@article{Gunturkun2016,
  author = {O. Güntürkün and T. Bugnyar},
  title = {Cognition Without Cortex},
  journal = {Trends in Cognitive Sciences},
  volume = {20},
  number = {4},
  pages = {291--303},
  year = {2016},
  note = {DOI: 10.1016/j.tics.2016.02.001}
}

@incollection{Jarvis2009,
  author = {E. D. Jarvis},
  title = {Evolution of the Pallium in Birds and Reptiles},
  booktitle = {Encyclopedia of Neuroscience},
  pages = {1390--1400},
  publisher = {Springer},
  year = {2009},
  note = {DOI: 10.1007/978-3-540-29678-2\_3165}
}

@article{Mather2008,
  author = {J. A. Mather},
  title = {Cephalopod Consciousness: Behavioural Evidence},
  journal = {Consciousness and Cognition},
  volume = {17},
  number = {1},
  pages = {37--48},
  year = {2008},
  note = {DOI: 10.1016/j.concog.2006.11.006}
}

@article{Menzel2001,
  author = {R. Menzel and M. Giurfa},
  title = {Cognitive Architecture of a Mini-brain: The Honeybee},
  journal = {Trends in Cognitive Sciences},
  volume = {5},
  number = {2},
  pages = {62--71},
  year = {2001},
  note = {DOI: 10.1016/S1364-6613(00)01601-6}
}

@article{Northcutt2012,
  author = {R. G. Northcutt},
  title = {Evolution of Centralized Nervous Systems: Two Schools of Evolutionary Thought},
  journal = {Proceedings of the National Academy of Sciences},
  volume = {109},
  number = {Supplement 1},
  pages = {10626--10633},
  year = {2012},
  note = {DOI: 10.1073/pnas.1201889109}
}

@article{Panksepp2011,
  author = {J. Panksepp},
  title = {Cross-species Affective Neuroscience Decoding of the Primal Affective Experiences of Humans and Related Animals},
  journal = {PLoS ONE},
  volume = {6},
  number = {9},
  pages = {e21236},
  year = {2011},
  note = {DOI: 10.1371/journal.pone.0021236}
}

@article{Roth2005,
  author = {G. Roth and U. Dicke},
  title = {Evolution of the Brain and Intelligence},
  journal = {Trends in Cognitive Sciences},
  volume = {9},
  number = {5},
  pages = {250--257},
  year = {2005},
  note = {DOI: 10.1016/j.tics.2005.03.005}
}

@article{Striedter2016,
  author = {G. F. Striedter},
  title = {Evolution of the Hippocampus in Reptiles and Birds},
  journal = {Journal of Comparative Neurology},
  volume = {524},
  number = {3},
  pages = {496--517},
  year = {2016},
  note = {DOI: 10.1002/cne.23803}
}

@article{Teyke1989,
  author = {T. Teyke},
  title = {Learning and Remembering in the Octopus Nervous System},
  journal = {Neuroreport},
  volume = {1},
  number = {1},
  pages = {57--60},
  year = {1989},
  note = {DOI: 10.1097/00001756-198901000-00014}
}

@article{Webb2016,
  author = {B. Webb and A. Wystrach},
  title = {Neural Mechanisms of Insect Navigation},
  journal = {Current Opinion in Insect Science},
  volume = {15},
  pages = {27--39},
  year = {2016},
  note = {DOI: 10.1016/j.cois.2016.02.011}
}

@article{Wilczynski2010,
  author = {W. Wilczynski and M. J. Ryan},
  title = {The Behavioral Neuroscience of Anuran Social Signal Processing},
  journal = {Current Opinion in Neurobiology},
  volume = {20},
  number = {6},
  pages = {754--763},
  year = {2010},
  note = {DOI: 10.1016/j.conb.2010.08.021}
}