@article{Lancaster2013,
  author = {M. A. Lancaster and et al.},
  title = {Cerebral organoids model human brain development and microcephaly},
  journal = {Nature},
  volume = {501},
  number = {7467},
  pages = {373-379},
  year = {2013},
  note = {DOI: 10.1038/nature12517}
}

@article{Quadrato2017,
  author = {G. Quadrato and P. Arlotta},
  title = {Present and future of modeling human brain development in 3D organoids},
  journal = {Current Opinion in Cell Biology},
  volume = {49},
  pages = {47-52},
  year = {2017},
  note = {DOI: 10.1016/j.ceb.2017.12.007}
}

@article{Pasca2018,
  author = {S. P. Pa≈üca},
  title = {The rise of three-dimensional human brain cultures},
  journal = {Nature},
  volume = {553},
  number = {7689},
  pages = {437-445},
  year = {2018},
  note = {DOI: 10.1038/nature25032}
}

@article{MacLennan2009,
  author = {B. J. MacLennan},
  title = {Molecular coordination in living systems: Foundations for bio-chemical computing},
  journal = {International Journal of Unconventional Computing},
  volume = {5},
  number = {3-4},
  pages = {193-206},
  year = {2009},
  note = {ISSN: 1548-7199}
}

@book{Adamatzky2016,
  author = {A. Adamatzky},
  title = {Advances in Physarum Machines: Sensing and Computing with Slime Mould},
  publisher = {Springer},
  year = {2016},
  note = {ISBN: 9783319266619}
}

@article{Conrad1995,
  author = {M. Conrad},
  title = {Scaling of efficiency in programmable and non-programmable systems},
  journal = {Biosystems},
  volume = {35},
  number = {2-3},
  pages = {161-166},
  year = {1995},
  note = {DOI: 10.1016/0303-2647(95)01542-2}
}

@article{Levin2018,
  author = {M. Levin and C. J. Martyniuk},
  title = {The bioelectric code: An ancient computational medium for dynamic control of growth and form},
  journal = {Biosystems},
  volume = {164},
  pages = {76-93},
  year = {2018},
  note = {DOI: 10.1016/j.biosystems.2017.08.009}
}

@article{Pietak2017,
  author = {A. Pietak and M. Levin},
  title = {Exploring instructive physiological signaling with the bioelectric tissue simulation engine},
  journal = {Frontiers in Bioengineering and Biotechnology},
  volume = {5},
  pages = {21},
  year = {2017},
  note = {DOI: 10.3389/fbioe.2017.00021}
}

@article{Merolla2014,
  author = {P. A. Merolla and et al.},
  title = {A million spiking-neuron integrated circuit with a scalable communication network and interface},
  journal = {Science},
  volume = {345},
  number = {6197},
  pages = {668-673},
  year = {2014},
  note = {DOI: 10.1126/science.1254642}
}

@article{DeMarse2005,
  author = {T. B. DeMarse and K. P. Dockendorf},
  title = {Adaptive flight control with living neuronal networks on microelectrode arrays},
  journal = {IEEE Transactions on Biomedical Engineering},
  volume = {52},
  number = {6},
  pages = {1089-1098},
  year = {2005},
  note = {DOI: 10.1109/TBME.2005.847544}
}

@article{Lavazza2018,
  author = {A. Lavazza and M. Massimini},
  title = {Cerebral organoids: Ethical issues and consciousness assessment},
  journal = {Journal of Medical Ethics},
  volume = {44},
  number = {9},
  pages = {606-610},
  year = {2018},
  note = {DOI: 10.1136/medethics-2017-104555}
}

@article{Farahany2018,
  author = {N. A. Farahany and et al.},
  title = {The ethics of experimenting with human brain tissue},
  journal = {Nature},
  volume = {556},
  number = {7702},
  pages = {429-432},
  year = {2018},
  note = {DOI: 10.1038/d41586-018-04813-x}
}

@article{Zhang2016,
  author = {S. Zhang},
  title = {Integrated systems approach reveals biological networks},
  journal = {Nature Methods},
  volume = {13},
  number = {8},
  pages = {661-663},
  year = {2016},
  note = {DOI: 10.1038/nmeth.3930}
}

@article{Krishnan2019,
  author = {R. Krishnan and et al.},
  title = {Scale and consciousness: Integration through physical substrates},
  journal = {Neuroscience of Consciousness},
  volume = {2019},
  number = {1},
  pages = {niz016},
  year = {2019},
  note = {DOI: 10.1093/nc/niz016}
}

@article{Saha2020,
  author = {S. Saha and H. Garden},
  title = {Organoid and Assembloid Technologies for Investigating Neural Development and Disease Mechanisms},
  journal = {OECD Science, Technology and Industry Working Papers},
  year = {2020},
  note = {DOI: 10.1787/23074957}
}

@article{TangSchomer2014,
  author = {M. D. Tang-Schomer and et al.},
  title = {Bioengineered functional brain-like cortical tissue},
  journal = {Proceedings of the National Academy of Sciences},
  volume = {111},
  number = {38},
  pages = {13811-13816},
  year = {2014},
  note = {DOI: 10.1073/pnas.1324214111}
}