@article{Dehaene2014,
  author = {S. Dehaene and et al.},
  title = {Toward a computational theory of conscious processing},
  journal = {Current Opinion in Neurobiology},
  volume = {25},
  pages = {76--84},
  year = {2014},
  note = {DOI: 10.1016/j.conb.2013.12.005}
}

@article{Koch2016,
  author = {C. Koch and M. Massimini and M. Boly and G. Tononi},
  title = {Neural correlates of consciousness: Progress and problems},
  journal = {Nature Reviews Neuroscience},
  volume = {17},
  number = {5},
  pages = {307--321},
  year = {2016},
  note = {DOI: 10.1038/nrn.2016.22}
}

@article{Mashour2018,
  author = {G. A. Mashour and A. G. Hudetz},
  title = {Neural correlates of unconsciousness in large-scale brain networks},
  journal = {Trends in Neurosciences},
  volume = {41},
  number = {3},
  pages = {150--160},
  year = {2018},
  note = {DOI: 10.1016/j.tins.2018.01.003}
}

@article{Lake2016,
  author = {B. B. Lake and R. Ai and T. Kaeser and S. Salathia and F. Fan and Y. Zhang and J. Yang and H. Yao and W. Wang and K. Li and J. Shalek and J. Neff and J. Lasken and M. McCarroll and C. Fan},
  title = {Neuronal Subtypes and Diversity Revealed by Single-Nucleus RNA Sequencing of the Human Brain},
  journal = {Science},
  volume = {352},
  number = {6293},
  pages = {1586--1590},
  year = {2016},
  note = {DOI: 10.1126/science.aaf1204}
}

@article{Tasic2018,
  author = {B. Tasic and et al.},
  title = {Shared and distinct transcriptomic cell types across neocortical areas},
  journal = {Nature},
  volume = {563},
  number = {7729},
  pages = {72--78},
  year = {2018},
  note = {DOI: 10.1038/s41586-018-0654-5}
}

@article{Zeng2017,
  author = {H. Zeng and J. R. Sanes},
  title = {Neuronal cell-type classification: Challenges, opportunities and the path forward},
  journal = {Nature Reviews Neuroscience},
  volume = {18},
  number = {9},
  pages = {530--546},
  year = {2017},
  note = {DOI: 10.1038/nrn.2017.85}
}

@article{DehaeneLambertz2015,
  author = {G. Dehaene-Lambertz and E. S. Spelke},
  title = {The infants' building blocks of brain and cognition},
  journal = {Science},
  volume = {350},
  number = {6256},
  pages = {1819--1820},
  year = {2015},
  note = {DOI: 10.1126/science.aad5868}
}

@article{Kouider2009,
  author = {S. Kouider and S. Dehaene},
  title = {Subliminal number priming within and across the visual and auditory modalities},
  journal = {Experimental Psychology},
  volume = {56},
  number = {6},
  pages = {418--433},
  year = {2009},
  note = {DOI: 10.1027/1618-3169.56.6.418}
}

@article{Vanderwert2014,
  author = {R. E. Vanderwert and C. A. Nelson},
  title = {The development of the human brain and consciousness},
  journal = {Journal of Consciousness Studies},
  volume = {21},
  number = {7--8},
  pages = {209--230},
  year = {2014}
}

@article{Casali2013,
  author = {A. G. Casali and et al.},
  title = {A theoretically based index of consciousness independent of sensory processing and behavior},
  journal = {Science Translational Medicine},
  volume = {5},
  number = {198},
  pages = {198ra105},
  year = {2013},
  note = {DOI: 10.1126/scitranslmed.3006294}
}

@article{Owen2013,
  author = {A. M. Owen},
  title = {Detecting consciousness: A unique role for neuroimaging},
  journal = {Annual Review of Psychology},
  volume = {64},
  pages = {109--133},
  year = {2013},
  note = {DOI: 10.1146/annurev-psych-113011-143729}
}

@article{Giacino2014,
  author = {J. T. Giacino and J. J. Fins and S. Laureys and N. D. Schiff},
  title = {Disorders of consciousness after acquired brain injury: The state of the science},
  journal = {Nature Reviews Neurology},
  volume = {10},
  number = {2},
  pages = {99--114},
  year = {2014},
  note = {DOI: 10.1038/nrneurol.2013.279}
}

@article{Baars2013,
  author = {B. J. Baars and S. Franklin and T. Z. Ramsoy},
  title = {Global workspace dynamics: Cortical "binding and propagation" enables conscious contents},
  journal = {Frontiers in Psychology},
  volume = {4},
  pages = {200},
  year = {2013},
  note = {DOI: 10.3389/fpsyg.2013.00200}
}

@article{Seth2010,
  author = {A. K. Seth},
  title = {The grand challenge of consciousness},
  journal = {Frontiers in Psychology},
  volume = {1},
  pages = {5},
  year = {2010},
  note = {DOI: 10.3389/fpsyg.2010.00005}
}

@article{Tsuchiya2015,
  author = {N. Tsuchiya and M. Wilke and S. Fr√§ssle and V. A. Lamme},
  title = {No-report paradigms: Extracting the true neural correlates of consciousness},
  journal = {Trends in Cognitive Sciences},
  volume = {19},
  number = {12},
  pages = {757--770},
  year = {2015},
  note = {DOI: 10.1016/j.tics.2015.10.002}
}

@article{Tononi2016,
  author = {G. Tononi and M. Boly and M. Massimini and C. Koch},
  title = {Integrated information theory: From consciousness to its physical substrate},
  journal = {Nature Reviews Neuroscience},
  volume = {17},
  number = {7},
  pages = {450--461},
  year = {2016},
  note = {DOI: 10.1038/nrn.2016.44}
}

@article{Barrett2011,
  author = {A. B. Barrett and A. K. Seth},
  title = {Practical measures of integrated information for time-series data},
  journal = {PLoS Computational Biology},
  volume = {7},
  number = {1},
  pages = {e1001052},
  year = {2011},
  note = {DOI: 10.1371/journal.pcbi.1001052}
}

@article{Northoff2020,
  author = {G. Northoff and V. Lamme},
  title = {Neural signs and mechanisms of consciousness: Is there a potential convergence of theories of consciousness in sight?},
  journal = {Neuroscience \& Biobehavioral Reviews},
  volume = {118},
  pages = {568--587},
  year = {2020},
  note = {DOI: 10.1016/j.neubiorev.2020.07.005}
}