@book{descola2013beyond,
  title={Beyond Nature and Culture},
  author={Descola, Philippe},
  year={2013},
  publisher={University of Chicago Press},
  note={ISBN: 9780226212364}
}

@book{ingold2011being,
  title={Being Alive: Essays on Movement, Knowledge and Description},
  author={Ingold, Tim},
  year={2011},
  publisher={Routledge},
  note={ISBN: 9780415576840}
}

@book{strathern2004partial,
  title={Partial Connections},
  author={Strathern, Marilyn},
  year={2004},
  publisher={AltaMira Press},
  note={ISBN: 9780759105066}
}

@book{bateson1972steps,
  title={Steps to an Ecology of Mind},
  author={Bateson, Gregory},
  year={1972},
  publisher={University of Chicago Press},
  note={ISBN: 9780226039053}
}

@book{latour2005reassembling,
  title={Reassembling the Social: An Introduction to Actor-Network-Theory},
  author={Latour, Bruno},
  year={2005},
  publisher={Oxford University Press},
  note={ISBN: 9780199256051}
}

@book{rappaport1979ecology,
  title={Ecology, Meaning, and Religion},
  author={Rappaport, Roy A.},
  year={1979},
  publisher={North Atlantic Books},
  note={ISBN: 9780913028963}
}

@book{csordas1994embodiment,
  title={Embodiment and Experience: The Existential Ground of Culture and Self},
  author={Csordas, Thomas J.},
  year={1994},
  publisher={Cambridge University Press},
  note={ISBN: 9780521458900}
}

@book{jackson1989paths,
  title={Paths Toward a Clearing: Radical Empiricism and Ethnographic Inquiry},
  author={Jackson, Michael},
  year={1989},
  publisher={Indiana University Press},
  note={ISBN: 9780253205244}
}

@book{marchand2010making,
  title={Making Knowledge: Explorations of the Indissoluble Relation Between Mind, Body, and Environment},
  author={Marchand, Trevor H. J.},
  year={2010},
  publisher={Wiley-Blackwell},
  note={ISBN: 9781444334582}
}

@book{turner1969ritual,
  title={The Ritual Process: Structure and Anti-Structure},
  author={Turner, Victor},
  year={1969},
  publisher={Aldine Publishing},
  note={ISBN: 9780202011905}
}

@book{bell1992ritual,
  title={Ritual Theory, Ritual Practice},
  author={Bell, Catherine},
  year={1992},
  publisher={Oxford University Press},
  note={ISBN: 9780195076134}
}

@article{kapferer2004ritual,
  title={Ritual Dynamics and Virtual Practice},
  author={Kapferer, Bruce},
  journal={Social Analysis},
  volume={48},
  number={2},
  pages={35--54},
  year={2004},
  publisher={Berghahn Books},
  note={DOI: 10.3167/015597704782352731}
}

@book{miller2005materiality,
  title={Materiality},
  author={Miller, Daniel},
  year={2005},
  publisher={Duke University Press},
  note={ISBN: 9780822335220}
}

@book{myers2015rendering,
  title={Rendering Life Molecular: Models, Modelers, and Excitable Matter},
  author={Myers, Natasha},
  year={2015},
  publisher={Duke University Press},
  note={ISBN: 9780822358991}
}

@book{howes2003sensual,
  title={Sensual Relations: Engaging the Senses in Culture and Social Theory},
  author={Howes, David},
  year={2003},
  publisher={University of Michigan Press},
  note={ISBN: 9780472030290}
}

@book{kohn2013how,
  title={How Forests Think: Toward an Anthropology Beyond the Human},
  author={Kohn, Eduardo},
  year={2013},
  publisher={University of California Press},
  note={ISBN: 9780520276109}
}

@book{tsing2015mushroom,
  title={The Mushroom at the End of the World: On the Possibility of Life in Capitalist Ruins},
  author={Tsing, Anna Lowenhaupt},
  year={2015},
  publisher={Princeton University Press},
  note={ISBN: 9780691162751}
}

@book{viveiros2014cannibal,
  title={Cannibal Metaphysics},
  author={Viveiros de Castro, Eduardo},
  year={2014},
  publisher={Univocal Publishing},
  note={ISBN: 9781937561215}
}

@book{foucault1980power,
  title={Power/Knowledge: Selected Interviews and Other Writings, 1972-1977},
  author={Foucault, Michel},
  year={1980},
  publisher={Pantheon Books},
  note={ISBN: 9780394513577}
}

@book{bourdieu1977outline,
  title={Outline of a Theory of Practice},
  author={Bourdieu, Pierre},
  year={1977},
  publisher={Cambridge University Press},
  note={ISBN: 9780521291644}
}

@book{biehl2005vita,
  title={Vita: Life in a Zone of Social Abandonment},
  author={Biehl, Jo√£o},
  year={2005},
  publisher={University of California Press},
  note={ISBN: 9780520242784}
}

@book{hayles2017unthought,
  title={Unthought: The Power of the Cognitive Nonconscious},
  author={Hayles, N. Katherine},
  year={2017},
  publisher={University of Chicago Press},
  note={ISBN: 9780226447889}
}

@article{fortun2012ethnography,
  title={Ethnography in Late Industrialism},
  author={Fortun, Kim},
  journal={Cultural Anthropology},
  volume={27},
  number={3},
  pages={446--464},
  year={2012},
  publisher={Wiley Online Library},
  note={DOI: 10.1111/j.1548-1360.2012.01153.x}
}

@book{suchman2007human,
  title={Human-Machine Reconfigurations: Plans and Situated Actions},
  author={Suchman, Lucy},
  year={2007},
  publisher={Cambridge University Press},
  note={ISBN: 9780521675888}
}

@book{appadurai1996modernity,
  title={Modernity at Large: Cultural Dimensions of Globalization},
  author={Appadurai, Arjun},
  year={1996},
  publisher={University of Minnesota Press},
  note={ISBN: 9780816627936}
}

@book{hannerz1996transnational,
  title={Transnational Connections: Culture, People, Places},
  author={Hannerz, Ulf},
  year={1996},
  publisher={Routledge},
  note={ISBN: 9780415144087}
}

@book{ong2006neoliberalism,
  title={Neoliberalism as Exception: Mutations in Citizenship and Sovereignty},
  author={Ong, Aihwa},
  year={2006},
  publisher={Duke University Press},
  note={ISBN: 9780822337484}
}