@article{harnad1990symbol,
  title = {The Symbol Grounding Problem},
  author = {Harnad, Stevan},
  journal = {Physica D: Nonlinear Phenomena},
  volume = {42},
  number = {1-3},
  pages = {335--346},
  year = {1990},
  note = {DOI: 10.1016/0167-2789(90)90087-6}
}

@book{lakoff1999philosophy,
  title = {Philosophy in the Flesh: The Embodied Mind and its Challenge to Western Thought},
  author = {Lakoff, George and Johnson, Mark},
  year = {1999},
  publisher = {Basic Books},
  note = {ISBN: 9780465056743}
}

@book{varela1991embodied,
  title = {The Embodied Mind: Cognitive Science and Human Experience},
  author = {Varela, Francisco J. and Thompson, Evan and Rosch, Eleanor},
  year = {1991},
  publisher = {MIT Press},
  note = {ISBN: 9780262720212}
}

@book{bell1992ritual,
  title = {Ritual Theory, Ritual Practice},
  author = {Bell, Catherine},
  year = {1992},
  publisher = {Oxford University Press},
  note = {ISBN: 9780195076130}
}

@article{keane2003semiotics,
  title = {Semiotics and the Social Analysis of Material Things},
  author = {Keane, Webb},
  journal = {Language \& Communication},
  volume = {23},
  number = {3-4},
  pages = {409--425},
  year = {2003},
  note = {DOI: 10.1016/S0271-5309(03)00010-7}
}

@book{turner1967forest,
  title = {The Forest of Symbols: Aspects of Ndembu Ritual},
  author = {Turner, Victor},
  year = {1967},
  publisher = {Cornell University Press},
  note = {ISBN: 9780801491518}
}

@book{bloch2012anthropology,
  title = {Anthropology and the Cognitive Challenge},
  author = {Bloch, Maurice},
  year = {2012},
  publisher = {Cambridge University Press},
  note = {ISBN: 9781107693493}
}

@book{dandrade1995development,
  title = {The Development of Cognitive Anthropology},
  author = {D'Andrade, Roy},
  year = {1995},
  publisher = {Cambridge University Press},
  note = {ISBN: 9780521459761}
}

@book{hutchins1995cognition,
  title = {Cognition in the Wild},
  author = {Hutchins, Edwin},
  year = {1995},
  publisher = {MIT Press},
  note = {ISBN: 9780262581462}
}

@book{bourdieu1990logic,
  title = {The Logic of Practice},
  author = {Bourdieu, Pierre},
  year = {1990},
  publisher = {Stanford University Press},
  note = {ISBN: 9780804720110}
}

@article{csordas1990embodiment,
  title = {Embodiment as a Paradigm for Anthropology},
  author = {Csordas, Thomas J.},
  journal = {Ethos},
  volume = {18},
  number = {1},
  pages = {5--47},
  year = {1990},
  note = {DOI: 10.1525/eth.1990.18.1.02a00010}
}

@book{ingold2000perception,
  title = {The Perception of the Environment: Essays on Livelihood, Dwelling and Skill},
  author = {Ingold, Tim},
  year = {2000},
  publisher = {Routledge},
  note = {ISBN: 9780415228329}
}

@book{eliade1959sacred,
  title = {The Sacred and the Profane: The Nature of Religion},
  author = {Eliade, Mircea},
  year = {1959},
  publisher = {Harcourt},
  note = {ISBN: 9780156792011}
}

@book{gell1998art,
  title = {Art and Agency: An Anthropological Theory},
  author = {Gell, Alfred},
  year = {1998},
  publisher = {Oxford University Press},
  note = {ISBN: 9780198280145}
}

@book{rappaport1999ritual,
  title = {Ritual and Religion in the Making of Humanity},
  author = {Rappaport, Roy A.},
  year = {1999},
  publisher = {Cambridge University Press},
  note = {ISBN: 9780521296908}
}

@book{boyer1994naturalness,
  title = {The Naturalness of Religious Ideas: A Cognitive Theory of Religion},
  author = {Boyer, Pascal},
  year = {1994},
  publisher = {University of California Press},
  note = {ISBN: 9780521425933}
}

@book{sperber1996explaining,
  title = {Explaining Culture: A Naturalistic Approach},
  author = {Sperber, Dan},
  year = {1996},
  publisher = {Blackwell},
  note = {ISBN: 9780631195673}
}

@book{tomasello1999cultural,
  title = {The Cultural Origins of Human Cognition},
  author = {Tomasello, Michael},
  year = {1999},
  publisher = {Harvard University Press},
  note = {ISBN: 9780674005822}
}

@book{jackson1996things,
  title = {Things as They Are: New Directions in Phenomenological Anthropology},
  author = {Jackson, Michael},
  year = {1996},
  publisher = {Indiana University Press},
  note = {ISBN: 9780253210432}
}

@book{merleau1962phenomenology,
  title = {Phenomenology of Perception},
  author = {Merleau-Ponty, Maurice},
  year = {1962},
  publisher = {Routledge},
  note = {ISBN: 9780415834339}
}

@article{throop2003articulating,
  title = {Articulating Experience},
  author = {Throop, C. Jason},
  journal = {Anthropological Theory},
  volume = {3},
  number = {2},
  pages = {219--241},
  year = {2003},
  note = {DOI: 10.1177/1463499603003002006}
}

@book{ellen2016cultural,
  title = {The Cultural Relations of Classification: An Analysis of Nuaulu Animal Categories from Central Seram},
  author = {Ellen, Roy F.},
  year = {2016},
  publisher = {Cambridge University Press},
  note = {ISBN: 9781107159142}
}

@book{levi1966savage,
  title = {The Savage Mind},
  author = {L{\'e}vi-Strauss, Claude},
  year = {1966},
  publisher = {University of Chicago Press},
  note = {ISBN: 9780226474849}
}

@book{scott1998seeing,
  title = {Seeing Like a State: How Certain Schemes to Improve the Human Condition Have Failed},
  author = {Scott, James C.},
  year = {1998},
  publisher = {Yale University Press},
  note = {ISBN: 9780300078152}
}

@book{foucault1980power,
  title = {Power/Knowledge: Selected Interviews and Other Writings 1972-1977},
  author = {Foucault, Michel},
  year = {1980},
  publisher = {Pantheon Books},
  note = {ISBN: 9780394739540}
}

@book{latour1999pandora,
  title = {Pandora's Hope: Essays on the Reality of Science Studies},
  author = {Latour, Bruno},
  year = {1999},
  publisher = {Harvard University Press},
  note = {ISBN: 9780674653368}
}

@book{wolf1999envisioning,
  title = {Envisioning Power: Ideologies of Dominance and Crisis},
  author = {Wolf, Eric R.},
  year = {1999},
  publisher = {University of California Press},
  note = {ISBN: 9780520216037}
}