@article{barsalou1999perceptual,
  title={Perceptual symbol systems},
  author={Barsalou, Lawrence W.},
  journal={Behavioral and Brain Sciences},
  volume={22},
  number={4},
  pages={577--660},
  year={1999},
  publisher={Cambridge University Press},
  note={DOI: 10.1017/S0140525X99002149}
}

@book{deacon1997symbolic,
  title={The Symbolic Species: The Co-evolution of Language and the Brain},
  author={Deacon, Terrence W.},
  year={1997},
  publisher={W.W. Norton \& Company},
  note={ISBN: 9780393038385}
}

@article{harnad1990symbol,
  title={The Symbol Grounding Problem},
  author={Harnad, Stevan},
  journal={Physica D: Nonlinear Phenomena},
  volume={42},
  number={1-3},
  pages={335--346},
  year={1990},
  publisher={Elsevier},
  note={DOI: 10.1016/0167-2789(90)90087-6}
}

@book{hutchins1995cognition,
  title={Cognition in the Wild},
  author={Hutchins, Edwin},
  year={1995},
  publisher={MIT Press},
  note={ISBN: 9780262581462}
}

@book{lakoff1999philosophy,
  title={Philosophy in the Flesh: The Embodied Mind and its Challenge to Western Thought},
  author={Lakoff, George and Johnson, Mark},
  year={1999},
  publisher={Basic Books},
  note={ISBN: 9780465056743}
}

@book{peirce1931collected,
  title={Collected Papers of Charles Sanders Peirce},
  author={Peirce, Charles Sanders},
  year={1931},
  publisher={Harvard University Press},
  note={ISBN: 9780674138001}
}

@book{quine1960word,
  title={Word and Object},
  author={Quine, Willard Van Orman},
  year={1960},
  publisher={MIT Press},
  note={ISBN: 9780262670012}
}

@article{searle1980minds,
  title={Minds, Brains, and Programs},
  author={Searle, John R.},
  journal={Behavioral and Brain Sciences},
  volume={3},
  number={3},
  pages={417--457},
  year={1980},
  publisher={Cambridge University Press},
  note={DOI: 10.1017/S0140525X00005756}
}

@book{saussure1983course,
  title={Course in General Linguistics},
  author={de Saussure, Ferdinand},
  year={1916},
  translator={Harris, Roy},
  publisher={Open Court},
  note={ISBN: 9780812690231}
}

@book{varela1991embodied,
  title={The Embodied Mind: Cognitive Science and Human Experience},
  author={Varela, Francisco J. and Thompson, Evan and Rosch, Eleanor},
  year={1991},
  publisher={MIT Press},
  note={ISBN: 9780262720212}
}