@book{armstrong1981powers,
  title = {The Powers of Presence: Consciousness, Myth, and Affecting Presence},
  author = {Armstrong, Robert Plant},
  year = {1981},
  publisher = {University of Pennsylvania Press},
  note = {ISBN: 9780812277975}
}

@book{bateson1972steps,
  title = {Steps to an Ecology of Mind: Collected Essays in Anthropology, Psychiatry, Evolution, and Epistemology},
  author = {Bateson, Gregory},
  year = {1972},
  publisher = {University of Chicago Press},
  note = {ISBN: 9780226039053}
}

@book{dandrade1995development,
  title = {The Development of Cognitive Anthropology},
  author = {D'Andrade, Roy G.},
  year = {1995},
  publisher = {Cambridge University Press},
  note = {ISBN: 9780521459761}
}

@book{descola2013beyond,
  title = {Beyond Nature and Culture},
  author = {Descola, Philippe},
  year = {2013},
  publisher = {University of Chicago Press},
  note = {ISBN: 9780226145006}
}

@book{geertz1973interpretation,
  title = {The Interpretation of Cultures},
  author = {Geertz, Clifford},
  year = {1973},
  publisher = {Basic Books},
  note = {ISBN: 9780465097197}
}

@book{jung1968archetypes,
  title = {The Archetypes and the Collective Unconscious},
  author = {Jung, Carl Gustav},
  year = {1968},
  publisher = {Princeton University Press},
  note = {ISBN: 9780691018331}
}

@book{levistrauss1963structural,
  title = {Structural Anthropology},
  author = {L{\'e}vi-Strauss, Claude},
  year = {1963},
  publisher = {Basic Books},
  note = {ISBN: 9780465095162}
}

@book{rappaport1999ritual,
  title = {Ritual and Religion in the Making of Humanity},
  author = {Rappaport, Roy A.},
  year = {1999},
  publisher = {Cambridge University Press},
  note = {ISBN: 9780521296908}
}

@book{shore1996culture,
  title = {Culture in Mind: Cognition, Culture, and the Problem of Meaning},
  author = {Shore, Bradd},
  year = {1996},
  publisher = {Oxford University Press},
  note = {ISBN: 9780195095975}
}

@book{turner1967forest,
  title = {The Forest of Symbols: Aspects of Ndembu Ritual},
  author = {Turner, Victor},
  year = {1967},
  publisher = {Cornell University Press},
  note = {ISBN: 9780801491518}
}

@book{wagner1981invention,
  title = {The Invention of Culture},
  author = {Wagner, Roy},
  year = {1981},
  publisher = {University of Chicago Press},
  note = {ISBN: 9780226869391}
}

@book{whitehouse2004modes,
  title = {Modes of Religiosity: A Cognitive Theory of Religious Transmission},
  author = {Whitehouse, Harvey},
  year = {2004},
  publisher = {AltaMira Press},
  note = {ISBN: 9780759106155}
}