@book{bourdieu1977outline,
  title={Outline of a Theory of Practice},
  author={Bourdieu, Pierre},
  year={1977},
  publisher={Cambridge University Press},
  address={Cambridge},
  note={ISBN: 9780521291644}
}

@book{csordas1994embodiment,
  title={Embodiment and Experience: The Existential Ground of Culture and Self},
  author={Csordas, Thomas J.},
  year={1994},
  publisher={Cambridge University Press},
  address={Cambridge},
  note={ISBN: 9780521458900}
}

@book{durkheim1995elementary,
  title={The Elementary Forms of Religious Life},
  author={Durkheim, Emile},
  year={1995},
  note={Original work published 1912; ISBN: 9780029079379},
  publisher={Free Press},
  address={New York}
}

@book{goffman1967interaction,
  title={Interaction Ritual: Essays on Face-to-Face Behavior},
  author={Goffman, Erving},
  year={1967},
  publisher={Pantheon Books},
  address={New York},
  note={ISBN: 9780394706313}
}

@book{hutchins1995cognition,
  title={Cognition in the Wild},
  author={Hutchins, Edwin},
  year={1995},
  publisher={MIT Press},
  address={Cambridge, MA},
  note={ISBN: 9780262581462}
}

@book{jackson1989paths,
  title={Paths Toward a Clearing: Radical Empiricism and Ethnographic Inquiry},
  author={Jackson, Michael},
  year={1989},
  publisher={Indiana University Press},
  address={Bloomington},
  note={ISBN: 9780253205244}
}

@article{mauss1973techniques,
  title={Techniques of the Body},
  author={Mauss, Marcel},
  year={1973},
  note={Original work published 1935; DOI: 10.1080/03085147300000003},
  journal={Economy and Society},
  volume={2},
  number={1},
  pages={70--88}
}

@book{mcneill1995keeping,
  title={Keeping Together in Time: Dance and Drill in Human History},
  author={McNeill, William H.},
  year={1995},
  publisher={Harvard University Press},
  address={Cambridge, MA},
  note={ISBN: 9780674502306}
}

@book{merleau2012phenomenology,
  title={Phenomenology of Perception},
  author={Merleau-Ponty, Maurice},
  year={2012},
  note={Original work published 1945; ISBN: 9780415558693},
  publisher={Routledge},
  address={London}
}

@book{schutz1967phenomenology,
  title={The Phenomenology of the Social World},
  author={Schutz, Alfred},
  year={1967},
  publisher={Northwestern University Press},
  address={Evanston, IL},
  note={ISBN: 9780810103908}
}

@article{thompson2001radical,
  title={Radical Embodiment: Neural Dynamics and Consciousness},
  author={Thompson, Evan and Varela, Francisco J.},
  journal={Trends in Cognitive Sciences},
  volume={5},
  number={10},
  pages={418--425},
  year={2001},
  note={DOI: 10.1016/S1364-6613(00)01750-2}
}

@book{turner1969ritual,
  title={The Ritual Process: Structure and Anti-Structure},
  author={Turner, Victor},
  year={1969},
  publisher={Aldine Publishing Company},
  address={Chicago},
  note={ISBN: 9780202011905}
}