@book{bateson1979mind,
  title={Mind and Nature: A Necessary Unity},
  author={Bateson, Gregory},
  year={1979},
  publisher={Dutton},
  note={ISBN: 978-0525155904}
}

@book{boyer2001religion,
  title={Religion Explained: The Evolutionary Origins of Religious Thought},
  author={Boyer, Pascal},
  year={2001},
  publisher={Basic Books},
  note={ISBN: 978-0465006960}
}

@book{deacon2011incomplete,
  title={Incomplete Nature: How Mind Emerged from Matter},
  author={Deacon, Terrence W.},
  year={2011},
  publisher={W.W. Norton \& Company},
  note={ISBN: 978-0393049916}
}

@book{evans1937witchcraft,
  title={Witchcraft, Oracles and Magic Among the Azande},
  author={Evans-Pritchard, Edward Evan},
  year={1937},
  publisher={Oxford University Press},
  note={ISBN: 978-0198740292}
}

@book{godelier1986mental,
  title={The Mental and the Material: Thought, Economy and Society},
  author={Godelier, Maurice},
  year={1986},
  publisher={Verso},
  note={ISBN: 978-0860918430}
}

@book{laughlin1992brain,
  title={Brain, Symbol and Experience: Toward a Neurophenomenology of Human Consciousness},
  author={Laughlin, Charles D. and McManus, John and d'Aquili, Eugene G.},
  year={1992},
  publisher={Columbia University Press},
  note={ISBN: 978-0231070120}
}

@book{levi1985how,
  title={How Natives Think},
  author={L{\'e}vi-Bruhl, Lucien},
  year={1985},
  note={Original work published 1926},
  publisher={Princeton University Press},
  note={ISBN: 978-0691024817}
}

@book{levi1966savage,
  title={The Savage Mind},
  author={L{\'e}vi-Strauss, Claude},
  year={1966},
  publisher={University of Chicago Press},
  note={ISBN: 978-0226474847}
}

@book{piaget1971structuralism,
  title={Structuralism},
  author={Piaget, Jean},
  year={1971},
  publisher={Routledge \& Kegan Paul},
  note={ISBN: 978-0465095452}
}

@book{rappaport1984pigs,
  title={Pigs for the Ancestors: Ritual in the Ecology of a New Guinea People},
  author={Rappaport, Roy A.},
  year={1984},
  publisher={Yale University Press},
  note={ISBN: 978-0300021905}
}

@book{sperber1996explaining,
  title={Explaining Culture: A Naturalistic Approach},
  author={Sperber, Dan},
  year={1996},
  publisher={Blackwell Publishers},
  note={ISBN: 978-0631200452}
}

@book{turner1982ritual,
  title={From Ritual to Theatre: The Human Seriousness of Play},
  author={Turner, Victor},
  year={1982},
  publisher={PAJ Publications},
  note={ISBN: 978-0933826205}
}