@book{bateson1972steps,
  title={Steps to an Ecology of Mind: Collected Essays in Anthropology, Psychiatry, Evolution, and Epistemology},
  author={Bateson, Gregory},
  year={1972},
  publisher={University of Chicago Press},
  note={ISBN: 9780226039053}
}

@book{descola2005beyond,
  title={Beyond Nature and Culture},
  author={Descola, Philippe},
  year={2005},
  publisher={University of Chicago Press},
  note={ISBN: 9780226145006}
}

@article{fortun2014latour,
  title={From Latour to Late Industrialism},
  author={Fortun, Kim},
  journal={HAU: Journal of Ethnographic Theory},
  volume={4},
  number={1},
  pages={309--329},
  year={2014},
  note={DOI: 10.14318/hau4.1.017}
}

@book{haraway2003companion,
  title={The Companion Species Manifesto: Dogs, People, and Significant Otherness},
  author={Haraway, Donna J.},
  year={2003},
  publisher={Prickly Paradigm Press},
  note={ISBN: 9780971757585}
}

@book{ingold2000perception,
  title={The Perception of the Environment: Essays on Livelihood, Dwelling and Skill},
  author={Ingold, Tim},
  year={2000},
  publisher={Routledge},
  note={ISBN: 9780415228329}
}

@book{kohn2013forests,
  title={How Forests Think: Toward an Anthropology Beyond the Human},
  author={Kohn, Eduardo},
  year={2013},
  publisher={University of California Press},
  note={ISBN: 9780520276109}
}

@book{latour1993modern,
  title={We Have Never Been Modern},
  author={Latour, Bruno},
  year={1993},
  publisher={Harvard University Press},
  note={ISBN: 9780674948396}
}

@book{palsson2015nature,
  title={Nature, Culture and Society: Anthropological Perspectives on Life},
  author={Pálsson, Gísli},
  year={2015},
  publisher={Cambridge University Press},
  note={ISBN: 9781107028105}
}

@book{rappaport1999ritual,
  title={Ritual and Religion in the Making of Humanity},
  author={Rappaport, Roy A.},
  year={1999},
  publisher={Cambridge University Press},
  note={ISBN: 9780521296908}
}

@book{strathern1980nature,
  title={Nature, Culture and Gender},
  author={Strathern, Marilyn},
  year={1980},
  publisher={Cambridge University Press},
  note={ISBN: 9780521297080}
}

@book{tsing2015mushroom,
  title={The Mushroom at the End of the World: On the Possibility of Life in Capitalist Ruins},
  author={Tsing, Anna Lowenhaupt},
  year={2015},
  publisher={Princeton University Press},
  note={ISBN: 9780691162751}
}

@book{viveiros2014cannibal,
  title={Cannibal Metaphysics: For a Post-structural Anthropology},
  author={Viveiros de Castro, Eduardo},
  year={2014},
  publisher={Univocal Publishing},
  note={ISBN: 9781937561215}
}