@book{bourdieu1990logic,
  title={The Logic of Practice},
  author={Bourdieu, Pierre},
  year={1990},
  publisher={Stanford University Press},
  note={ISBN: 9780804717274}
}

@article{bunn1999nomads,
  title={The Nomad's Apprentice: Material Culture and Embodied Knowledge in a Central Asian Craft Tradition},
  author={Bunn, Stephanie},
  journal={Journal of Material Culture},
  volume={4},
  number={1},
  pages={51--75},
  year={1999},
  note={DOI: 10.1177/135918359900400103}
}

@article{csordas1990embodiment,
  title={Embodiment as a Paradigm for Anthropology},
  author={Csordas, Thomas J.},
  journal={Ethos},
  volume={18},
  number={1},
  pages={5--47},
  year={1990},
  note={DOI: 10.1525/eth.1990.18.1.02a00010}
}

@article{goodwin1994professional,
  title={Professional Vision},
  author={Goodwin, Charles},
  journal={American Anthropologist},
  volume={96},
  number={3},
  pages={606--633},
  year={1994},
  note={DOI: 10.1525/aa.1994.96.3.02a00100}
}

@book{howes2003sensual,
  title={Sensual Relations: Engaging the Senses in Culture and Social Theory},
  author={Howes, David},
  year={2003},
  publisher={University of Michigan Press},
  note={ISBN: 9780472030464}
}

@book{ingold2013making,
  title={Making: Anthropology, Archaeology, Art and Architecture},
  author={Ingold, Tim},
  year={2013},
  publisher={Routledge},
  note={ISBN: 9780415567237}
}

@article{jackson1989knowledge,
  title={Knowledge of the Body},
  author={Jackson, Michael},
  journal={Man},
  volume={18},
  number={2},
  pages={327--345},
  year={1989},
  note={DOI: 10.2307/2802965}
}

@article{marchand2010making,
  title={Making Knowledge: Explorations of the Indissoluble Relation Between Mind, Body, and Environment},
  author={Marchand, Trevor H. J.},
  journal={Journal of the Royal Anthropological Institute},
  volume={16},
  number={s1},
  pages={S1--S21},
  year={2010},
  note={DOI: 10.1111/j.1467-9655.2010.01610.x}
}

@article{mauss1935techniques,
  title={Techniques of the Body},
  author={Mauss, Marcel},
  journal={Economy and Society},
  volume={2},
  number={1},
  pages={70--88},
  year={1935},
  note={DOI: 10.1080/03085147300000003}
}

@book{myers2015rendering,
  title={Rendering Life Molecular: Models, Modelers, and Excitable Matter},
  author={Myers, Natasha},
  year={2015},
  publisher={Duke University Press},
  note={ISBN: 9780822358995}
}

@book{toren1999mind,
  title={Mind, Materiality and History: Explorations in Fijian Ethnography},
  author={Toren, Christina},
  year={1999},
  publisher={Routledge},
  note={ISBN: 9780415207706}
}

@article{warnier2001praxeological,
  title={A Praxeological Approach to Subjectivation in a Material World},
  author={Warnier, Jean-Pierre},
  journal={Journal of Material Culture},
  volume={6},
  number={1},
  pages={5--24},
  year={2001},
  note={DOI: 10.1177/135918350100600101}
}