@incollection{casey1996space,
  title={How to Get from Space to Place in a Fairly Short Stretch of Time: Phenomenological Prolegomena},
  author={Casey, Edward S.},
  booktitle={Senses of Place},
  editor={Feld, Steven and Basso, Keith H.},
  pages={13--52},
  year={1996},
  publisher={School of American Research Press}
}

@article{csordas1993somatic,
  title={Somatic Modes of Attention},
  author={Csordas, Thomas J.},
  journal={Cultural Anthropology},
  volume={8},
  number={2},
  pages={135--156},
  year={1993},
  note={DOI: 10.1525/can.1993.8.2.02a00010}
}

@book{desjarlais1992body,
  title={Body and Emotion: The Aesthetics of Illness and Healing in the Nepal Himalayas},
  author={Desjarlais, Robert},
  year={1992},
  publisher={University of Pennsylvania Press},
  note={ISBN: 9780812214362}
}

@book{jackson1996things,
  title={Things as They Are: New Directions in Phenomenological Anthropology},
  author={Jackson, Michael},
  year={1996},
  publisher={Indiana University Press},
  note={ISBN: 9780253210432}
}

@book{leder1990absent,
  title={The Absent Body},
  author={Leder, Drew},
  year={1990},
  publisher={University of Chicago Press},
  note={ISBN: 9780226469997}
}

@book{merleau1968visible,
  title={The Visible and the Invisible},
  author={Merleau-Ponty, Maurice},
  year={1968},
  publisher={Northwestern University Press},
  note={ISBN: 9780810104573}
}

@article{schutz1945multiple,
  title={On Multiple Realities},
  author={Schutz, Alfred},
  journal={Philosophy and Phenomenological Research},
  volume={5},
  number={4},
  pages={533--576},
  year={1945},
  note={DOI: 10.2307/2102818}
}

@book{serres1995natural,
  title={The Natural Contract},
  author={Serres, Michel},
  year={1995},
  publisher={University of Michigan Press},
  note={ISBN: 9780472065496}
}

@book{thompson2007mind,
  title={Mind in Life: Biology, Phenomenology, and the Sciences of Mind},
  author={Thompson, Evan},
  year={2007},
  publisher={Harvard University Press},
  note={ISBN: 9780674057517}
}

@article{throop2003articulating,
  title={Articulating Experience},
  author={Throop, C. Jason},
  journal={Anthropological Theory},
  volume={3},
  number={2},
  pages={219--241},
  year={2003},
  note={DOI: 10.1177/1463499603003002006}
}

@book{varela1991embodied,
  title={The Embodied Mind: Cognitive Science and Human Experience},
  author={Varela, Francisco J. and Thompson, Evan and Rosch, Eleanor},
  year={1991},
  publisher={MIT Press},
  note={ISBN: 9780262720212}
}

@book{zahavi2003husserl,
  title={Husserl's Phenomenology},
  author={Zahavi, Dan},
  year={2003},
  publisher={Stanford University Press},
  note={ISBN: 9780804745468}
}