@book{bell1992ritual,
  title={Ritual Theory, Ritual Practice},
  author={Bell, Catherine},
  year={1992},
  publisher={Oxford University Press},
  note={ISBN: 9780195076130}
}

@book{bloch1989ritual,
  title={Ritual, History and Power: Selected Papers in Anthropology},
  author={Bloch, Maurice},
  year={1989},
  publisher={Athlone Press},
  note={ISBN: 9780485195637}
}

@book{collins2004interaction,
  title={Interaction Ritual Chains},
  author={Collins, Randall},
  year={2004},
  publisher={Princeton University Press},
  note={ISBN: 9780691123898}
}

@book{durkheim1995elementary,
  title={The Elementary Forms of Religious Life},
  author={Durkheim, Emile},
  year={1912},
  note={1995 edition, ISBN: 9780029079379},
  publisher={Free Press}
}

@book{houseman1998naven,
  title={Naven or the Other Self: A Relational Approach to Ritual Action},
  author={Houseman, Michael and Severi, Carlo},
  year={1998},
  publisher={Brill},
  note={ISBN: 9789004109408}
}

@book{kapferer1997feast,
  title={The Feast of the Sorcerer: Practices of Consciousness and Power},
  author={Kapferer, Bruce},
  year={1997},
  publisher={University of Chicago Press},
  note={ISBN: 9780226424119}
}

@book{mcneill1995keeping,
  title={Keeping Together in Time: Dance and Drill in Human History},
  author={McNeill, William H.},
  year={1995},
  publisher={Harvard University Press},
  note={ISBN: 9780674502306}
}

@book{rappaport1999ritual,
  title={Ritual and Religion in the Making of Humanity},
  author={Rappaport, Roy A.},
  year={1999},
  publisher={Cambridge University Press},
  note={ISBN: 9780521296908}
}

@book{turner1969ritual,
  title={The Ritual Process: Structure and Anti-Structure},
  author={Turner, Victor},
  year={1969},
  publisher={Aldine Publishing Company},
  note={ISBN: 9780202011905}
}

@book{whitehouse2004modes,
  title={Modes of Religiosity: A Cognitive Theory of Religious Transmission},
  author={Whitehouse, Harvey},
  year={2004},
  publisher={AltaMira Press},
  note={ISBN: 9780759106155}
}

@book{winkelman2010shamanism,
  title={Shamanism: A Biopsychosocial Paradigm of Consciousness and Healing},
  author={Winkelman, Michael},
  year={2010},
  publisher={Praeger},
  note={ISBN: 9780313381814}
}

@book{xygalatas2013burning,
  title={The Burning Saints: Cognition and Culture in the Fire-walking Rituals of the Anastenaria},
  author={Xygalatas, Dimitris},
  year={2013},
  publisher={Routledge},
  note={ISBN: 9781844657465}
}