@book{carsten2004after,
  title={After Kinship},
  author={Carsten, Janet},
  year={2004},
  publisher={Cambridge University Press},
  note={ISBN: 978-0521665704}
}

@book{godelier2011metamorphoses,
  title={The Metamorphoses of Kinship},
  author={Godelier, Maurice},
  year={2011},
  publisher={Verso Books},
  note={ISBN: 978-1844677465}
}

@book{sahlins2013what,
  title={What Kinship Is---And Is Not},
  author={Sahlins, Marshall},
  year={2013},
  publisher={University of Chicago Press},
  note={ISBN: 978-0226925134}
}

@book{strathern1992after,
  title={After Nature: English Kinship in the Late Twentieth Century},
  author={Strathern, Marilyn},
  year={1992},
  publisher={Cambridge University Press},
  note={ISBN: 978-0521426800}
}

@book{carsten2000cultures,
  title={Cultures of Relatedness: New Approaches to the Study of Kinship},
  author={Carsten, Janet},
  year={2000},
  publisher={Cambridge University Press},
  note={ISBN: 978-0521656276}
}

@book{franklin2013biological,
  title={Biological Relatives: IVF, Stem Cells, and the Future of Kinship},
  author={Franklin, Sarah},
  year={2013},
  publisher={Duke University Press},
  note={ISBN: 978-0822355151}
}

@book{mckinnon2005neoliberal,
  title={Neo-liberal Genetics: The Myths and Moral Tales of Evolutionary Psychology},
  author={McKinnon, Susan},
  year={2005},
  publisher={Prickly Paradigm Press},
  note={ISBN: 978-0976147525}
}

@book{schneider1984critique,
  title={A Critique of the Study of Kinship},
  author={Schneider, David M.},
  year={1984},
  publisher={University of Michigan Press},
  note={ISBN: 978-0472080410}
}

@book{yanagisako1995naturalizing,
  title={Naturalizing Power: Essays in Feminist Cultural Analysis},
  author={Yanagisako, Sylvia and Delaney, Carol},
  year={1995},
  publisher={Routledge},
  note={ISBN: 978-0415910245}
}

@article{wilson2016kinship,
  title={Kinship Past, Kinship Present: Bio-Essentialism in the Study of Kinship},
  author={Wilson, Robert A.},
  journal={American Anthropologist},
  volume={118},
  number={3},
  pages={570--584},
  year={2016},
  note={DOI: 10.1111/aman.12607}
}