@book{appadurai1986social,
  title={The Social Life of Things: Commodities in Cultural Perspective},
  author={Appadurai, Arjun},
  year={1986},
  publisher={Cambridge University Press},
  note={ISBN: 9780521357265}
}

@article{bohannan1959impact,
  title={The Impact of Money on an African Subsistence Economy},
  author={Bohannan, Paul},
  journal={The Journal of Economic History},
  volume={19},
  number={4},
  pages={491--503},
  year={1959},
  note={DOI: 10.1017/S0022050700086350}
}

@book{graeber2001toward,
  title={Toward an Anthropological Theory of Value: The False Coin of Our Own Dreams},
  author={Graeber, David},
  year={2001},
  publisher={Palgrave},
  note={ISBN: 9780312240455}
}

@book{guyer2004marginal,
  title={Marginal Gains: Monetary Transactions in Atlantic Africa},
  author={Guyer, Jane I.},
  year={2004},
  publisher={University of Chicago Press},
  note={ISBN: 9780226311159}
}

@book{hart2000memory,
  title={The Memory Bank: Money in an Unequal World},
  author={Hart, Keith},
  year={2000},
  publisher={Profile Books},
  note={ISBN: 9781861972086}
}

@book{malinowski1922argonauts,
  title={Argonauts of the Western Pacific},
  author={Malinowski, Bronislaw},
  year={1922},
  publisher={Routledge},
  note={ISBN: 9780415262490}
}

@book{maurer2015how,
  title={How Would You Like to Pay? How Technology Is Changing the Future of Money},
  author={Maurer, Bill},
  year={2015},
  publisher={Duke University Press},
  note={ISBN: 9780822359561}
}

@book{polanyi1944great,
  title={The Great Transformation: The Political and Economic Origins of Our Time},
  author={Polanyi, Karl},
  year={1944},
  publisher={Beacon Press},
  note={ISBN: 9780807056431}
}

@book{schull2012addiction,
  title={Addiction by Design: Machine Gambling in Las Vegas},
  author={Sch{\"u}ll, Natasha Dow},
  year={2012},
  publisher={Princeton University Press},
  note={ISBN: 9780691127552}
}

@book{taussig1980devil,
  title={The Devil and Commodity Fetishism in South America},
  author={Taussig, Michael},
  year={1980},
  publisher={University of North Carolina Press},
  note={ISBN: 9780807898413}
}

@article{thompson1971moral,
  title={The Moral Economy of the English Crowd in the Eighteenth Century},
  author={Thompson, E.P.},
  journal={Past \& Present},
  volume={50},
  pages={76--136},
  year={1971},
  note={DOI: 10.1093/past/50.1.76}
}

@book{weiner1992inalienable,
  title={Inalienable Possessions: The Paradox of Keeping-While-Giving},
  author={Weiner, Annette},
  year={1992},
  publisher={University of California Press},
  note={ISBN: 9780520076037}
}

@book{zelizer1994social,
  title={The Social Meaning of Money: Pin Money, Paychecks, Poor Relief, and Other Currencies},
  author={Zelizer, Viviana},
  year={1994},
  publisher={Basic Books},
  note={ISBN: 9780465071429}
}

@book{mauss1925gift,
  title={The Gift: Forms and Functions of Exchange in Archaic Societies},
  author={Mauss, Marcel},
  year={1925},
  publisher={Routledge},
  note={ISBN: 9780393320435}
}

@book{gregory1982gifts,
  title={Gifts and Commodities},
  author={Gregory, C.A.},
  year={1982},
  publisher={Academic Press},
  note={ISBN: 9780123013807}
}