@book{biehl2005vita,
  title={Vita: Life in a Zone of Social Abandonment},
  author={Biehl, João},
  year={2005},
  publisher={University of California Press},
  note={ISBN: 9780520242784}
}

@book{bourdieu1977outline,
  title={Outline of a Theory of Practice},
  author={Bourdieu, Pierre},
  year={1977},
  publisher={Cambridge University Press},
  note={ISBN: 9780521291644}
}

@book{escobar1995encountering,
  title={Encountering Development: The Making and Unmaking of the Third World},
  author={Escobar, Arturo},
  year={1995},
  publisher={Princeton University Press},
  note={ISBN: 9780691001029}
}

@book{foucault1980power,
  title={Power/Knowledge: Selected Interviews and Other Writings 1972-1977},
  author={Foucault, Michel},
  year={1980},
  publisher={Pantheon Books},
  note={ISBN: 9780394739540}
}

@book{hastrup2004action,
  title={Action: Anthropology in the Company of Shakespeare},
  author={Hastrup, Kirsten},
  year={2004},
  publisher={Museum Tusculanum Press},
  note={ISBN: 9788772898444}
}

@book{latour1987science,
  title={Science in Action: How to Follow Scientists and Engineers Through Society},
  author={Latour, Bruno},
  year={1987},
  publisher={Harvard University Press},
  note={ISBN: 9780674792913}
}

@book{nadasdy2003hunters,
  title={Hunters and Bureaucrats: Power, Knowledge, and Aboriginal-State Relations},
  author={Nadasdy, Paul},
  year={2003},
  publisher={University of British Columbia Press},
  note={ISBN: 9780774809755}
}

@book{ong2006neoliberalism,
  title={Neoliberalism as Exception: Mutations in Citizenship and Sovereignty},
  author={Ong, Aihwa},
  year={2006},
  publisher={Duke University Press},
  note={ISBN: 9780822337485}
}

@book{povinelli2002cunning,
  title={The Cunning of Recognition: Indigenous Alterities and the Making of Australian Multiculturalism},
  author={Povinelli, Elizabeth},
  year={2002},
  publisher={Duke University Press},
  note={ISBN: 9780822328681}
}

@book{ranciere1991ignorant,
  title={The Ignorant Schoolmaster: Five Lessons in Intellectual Emancipation},
  author={Rancière, Jacques},
  year={1991},
  publisher={Stanford University Press},
  note={ISBN: 9780804719698}
}

@book{scott1990domination,
  title={Domination and the Arts of Resistance: Hidden Transcripts},
  author={Scott, James C.},
  year={1990},
  publisher={Yale University Press},
  note={ISBN: 9780300056693}
}

@book{stengers2010cosmopolitics,
  title={Cosmopolitics I},
  author={Stengers, Isabelle},
  year={2010},
  publisher={University of Minnesota Press},
  note={ISBN: 9780816666148}
}

@book{strathern1991partial,
  title={Partial Connections},
  author={Strathern, Marilyn},
  year={1991},
  publisher={AltaMira Press},
  note={ISBN: 9780759105069}
}

@book{trouillot1995silencing,
  title={Silencing the Past: Power and the Production of History},
  author={Trouillot, Michel-Rolph},
  year={1995},
  publisher={Beacon Press},
  note={ISBN: 9780807043110}
}

@book{tsing2005friction,
  title={Friction: An Ethnography of Global Connection},
  author={Tsing, Anna},
  year={2005},
  publisher={Princeton University Press},
  note={ISBN: 9780691120652}
}