@book{benedict1934patterns,
  title={Patterns of Culture},
  author={Benedict, Ruth},
  year={1934},
  publisher={Houghton Mifflin Harcourt},
  note={ISBN: 978-0-395-07405-3; DOI: 10.4324/9780429054419}
}

@book{bourguignon1973religion,
  title={Religion, Altered States of Consciousness, and Social Change},
  author={Bourguignon, Erika},
  year={1973},
  publisher={Ohio State University Press},
  note={ISBN: 978-0-8142-0167-1}
}

@book{csordas1994sacred,
  title={The Sacred Self: A Cultural Phenomenology of Charismatic Healing},
  author={Csordas, Thomas J.},
  year={1994},
  publisher={University of California Press},
  note={ISBN: 978-0-520-08294-1}
}

@book{desjarlais1992body,
  title={Body and Emotion: The Aesthetics of Illness and Healing in the Nepal Himalayas},
  author={Desjarlais, Robert R.},
  year={1992},
  publisher={University of Pennsylvania Press},
  note={ISBN: 978-0-8122-1391-2}
}

@article{hollan2000constructivist,
  title={Constructivist Models of Mind, Contemporary Psychoanalysis, and the Development of Culture Theory},
  author={Hollan, Douglas},
  journal={American Anthropologist},
  volume={102},
  number={3},
  pages={538--550},
  year={2000},
  note={DOI: 10.1525/aa.2000.102.3.538}
}

@book{levy1973tahitians,
  title={Tahitians: Mind and Experience in the Society Islands},
  author={Levy, Robert I.},
  year={1973},
  publisher={University of Chicago Press},
  note={ISBN: 978-0-226-47511-1}
}

@book{luhrmann2012when,
  title={When God Talks Back: Understanding the American Evangelical Relationship with God},
  author={Luhrmann, T.M.},
  year={2012},
  publisher={Vintage},
  note={ISBN: 978-0-307-72718-6}
}

@book{myers1986pintupi,
  title={Pintupi Country, Pintupi Self: Sentiment, Place, and Politics among Western Desert Aborigines},
  author={Myers, Fred R.},
  year={1986},
  publisher={Smithsonian Institution Press},
  note={ISBN: 978-0-87474-995-4}
}

@article{noll1985mental,
  title={Mental Imagery Cultivation as a Cultural Phenomenon: The Role of Visions in Shamanism},
  author={Noll, Richard},
  journal={Current Anthropology},
  volume={26},
  number={4},
  pages={443--461},
  year={1985},
  note={DOI: 10.1086/203310}
}

@book{obeyesekere1981medusa,
  title={Medusa's Hair: An Essay on Personal Symbols and Religious Experience},
  author={Obeyesekere, Gananath},
  year={1981},
  publisher={University of Chicago Press},
  note={ISBN: 978-0-226-61646-0}
}

@article{roepstorff2008things,
  title={Things to Think With: Words and Objects as Material Symbols},
  author={Roepstorff, Andreas},
  journal={Philosophical Transactions of the Royal Society B: Biological Sciences},
  volume={363},
  number={1499},
  pages={2049--2054},
  year={2008},
  note={DOI: 10.1098/rstb.2008.0016}
}

@book{shweder1991thinking,
  title={Thinking Through Cultures: Expeditions in Cultural Psychology},
  author={Shweder, Richard A.},
  year={1991},
  publisher={Harvard University Press},
  note={ISBN: 978-0-674-88368-2}
}

@book{turner1967forest,
  title={The Forest of Symbols: Aspects of Ndembu Ritual},
  author={Turner, Victor W.},
  year={1967},
  publisher={Cornell University Press},
  note={ISBN: 978-0-8014-9101-0}
}

@book{wikan1990managing,
  title={Managing Turbulent Hearts: A Balinese Formula for Living},
  author={Wikan, Unni},
  year={1990},
  publisher={University of Chicago Press},
  note={ISBN: 978-0-226-89811-8}
}

@article{white1994ethnopsychology,
  title={The Ethnopsychology of Emotions: A Cultural Theory of Mind},
  author={White, Geoffrey M.},
  journal={Ethos},
  volume={22},
  number={2},
  pages={127--163},
  year={1994},
  note={DOI: 10.1525/eth.1994.22.2.02a00010}
}