@article{boddy1994spirit,
  title={Spirit Possession Revisited: Beyond Instrumentality},
  author={Boddy, Janice},
  journal={Annual Review of Anthropology},
  volume={23},
  pages={407--434},
  year={1994},
  note={DOI: 10.1146/annurev.an.23.100194.002203}
}

@book{bourguignon1976possession,
  title={Possession},
  author={Bourguignon, Erika},
  year={1976},
  publisher={Chandler \& Sharp Publishers},
  note={ISBN: 978-0883165249}
}

@book{crapanzano1973hamadsha,
  title={The Hamadsha: A Study in Moroccan Ethnopsychiatry},
  author={Crapanzano, Vincent},
  year={1973},
  publisher={University of California Press},
  note={ISBN: 978-0520022414}
}

@book{csordas2002body,
  title={Body/Meaning/Healing},
  author={Csordas, Thomas J.},
  year={2002},
  publisher={Palgrave Macmillan},
  note={ISBN: 978-0312293349}
}

@book{eliade1964shamanism,
  title={Shamanism: Archaic Techniques of Ecstasy},
  author={Eliade, Mircea},
  year={1964},
  publisher={Princeton University Press},
  note={ISBN: 978-0691119427}
}

@book{fernandez1982bwiti,
  title={Bwiti: An Ethnography of the Religious Imagination in Africa},
  author={Fernandez, James W.},
  year={1982},
  publisher={Princeton University Press},
  note={ISBN: 978-0691094311}
}

@book{goodman1988ecstasy,
  title={Ecstasy, Ritual, and Alternate Reality: Religion in a Pluralistic World},
  author={Goodman, Felicitas D.},
  year={1988},
  publisher={Indiana University Press},
  note={ISBN: 978-0253204695}
}

@book{lapassade1990transe,
  title={La Transe},
  author={Lapassade, Georges},
  year={1990},
  publisher={Presses Universitaires de France},
  note={ISBN: 978-2130435541}
}

@book{lewis1971ecstatic,
  title={Ecstatic Religion: A Study of Shamanism and Spirit Possession},
  author={Lewis, I. M.},
  year={1971},
  publisher={Routledge},
  note={ISBN: 978-0415262460}
}

@book{myerhoff1974peyote,
  title={Peyote Hunt: The Sacred Journey of the Huichol Indians},
  author={Myerhoff, Barbara G.},
  year={1974},
  publisher={Cornell University Press},
  note={ISBN: 978-0801491393}
}

@article{noll1983shamanism,
  title={Shamanism and Schizophrenia: A State-Specific Approach to the Schizophrenia Metaphor of Shamanic States},
  author={Noll, Richard},
  journal={American Ethnologist},
  volume={10},
  number={3},
  pages={443--459},
  year={1983},
  note={DOI: 10.1525/ae.1983.10.3.02a00040}
}

@book{rouget1985music,
  title={Music and Trance: A Theory of the Relations between Music and Possession},
  author={Rouget, Gilbert},
  year={1985},
  publisher={University of Chicago Press},
  note={ISBN: 978-0226730066}
}

@book{turner1969ritual,
  title={The Ritual Process: Structure and Anti-Structure},
  author={Turner, Victor},
  year={1969},
  publisher={Aldine Publishing},
  note={ISBN: 978-0202011905}
}

@book{winkelman2010shamanism,
  title={Shamanism: A Biopsychosocial Paradigm of Consciousness and Healing},
  author={Winkelman, Michael},
  year={2010},
  publisher={Praeger},
  note={ISBN: 978-0313381816}
}

@book{znamenski2007beauty,
  title={The Beauty of the Primitive: Shamanism and Western Imagination},
  author={Znamenski, Andrei A.},
  year={2007},
  publisher={Oxford University Press},
  note={ISBN: 978-0195172317}
}