@book{anderson1996magic,
  title={Magic, Science, and Health: The Aims and Achievements of Medical Anthropology},
  author={Anderson, Robert},
  year={1996},
  publisher={Harcourt Brace},
  note={ISBN: 978-0155008281}
}

@book{baer2001biomedicine,
  title={Biomedicine and Alternative Healing Systems in America: Issues of Class, Race, Ethnicity, and Gender},
  author={Baer, Hans A.},
  year={2001},
  publisher={University of Wisconsin Press},
  note={ISBN: 978-0299173349}
}

@article{csordas1993somatic,
  title={Somatic Modes of Attention},
  author={Csordas, Thomas J.},
  journal={Cultural Anthropology},
  volume={8},
  number={2},
  pages={135--156},
  year={1993},
  note={DOI: 10.1525/can.1993.8.2.02a00010}
}

@book{ernst2002plural,
  title={Plural Medicine, Tradition and Modernity: Historical and Contemporary Perspectives},
  author={Ernst, Waltraud},
  year={2002},
  publisher={Routledge},
  note={ISBN: 978-0415235822}
}

@book{farquhar1994knowing,
  title={Knowing Practice: The Clinical Encounter of Chinese Medicine},
  author={Farquhar, Judith},
  year={1994},
  publisher={Westview Press},
  note={ISBN: 978-0813310101}
}

@book{good1994medicine,
  title={Medicine, Rationality and Experience: An Anthropological Perspective},
  author={Good, Byron J.},
  year={1994},
  publisher={Cambridge University Press},
  note={ISBN: 978-0521425764}
}

@book{hsu1999transmission,
  title={The Transmission of Chinese Medicine},
  author={Hsu, Elisabeth},
  year={1999},
  publisher={Cambridge University Press},
  note={ISBN: 978-0521645421}
}

@book{kapferer1991celebration,
  title={A Celebration of Demons: Exorcism and the Aesthetics of Healing in Sri Lanka},
  author={Kapferer, Bruce},
  year={1991},
  publisher={Berg Publishers},
  note={ISBN: 978-0854963021}
}

@book{kleinman1980patients,
  title={Patients and Healers in the Context of Culture},
  author={Kleinman, Arthur},
  year={1980},
  publisher={University of California Press},
  note={ISBN: 978-0520045116}
}

@book{laderman1991taming,
  title={Taming the Wind of Desire: Psychology, Medicine, and Aesthetics in Malay Shamanistic Performance},
  author={Laderman, Carol},
  year={1991},
  publisher={University of California Press},
  note={ISBN: 978-0520073188}
}

@book{leslie1976asian,
  title={Asian Medical Systems: A Comparative Study},
  author={Leslie, Charles},
  year={1976},
  publisher={University of California Press},
  note={ISBN: 978-0520039771}
}

@book{lock1993encounters,
  title={Encounters with Aging: Mythologies of Menopause in Japan and North America},
  author={Lock, Margaret},
  year={1993},
  publisher={University of California Press},
  note={ISBN: 978-0520077896}
}

@book{moerman2002meaning,
  title={Meaning, Medicine and the 'Placebo Effect'},
  author={Moerman, Daniel E.},
  year={2002},
  publisher={Cambridge University Press},
  note={ISBN: 978-0521000879}
}

@article{schieffelin1985performance,
  title={Performance and the Cultural Construction of Reality},
  author={Schieffelin, Edward L.},
  journal={American Ethnologist},
  volume={12},
  number={4},
  pages={707--724},
  year={1985},
  note={DOI: 10.1525/ae.1985.12.4.02a00020}
}

@book{turner1968drums,
  title={The Drums of Affliction: A Study of Religious Processes Among the Ndembu of Zambia},
  author={Turner, Victor W.},
  year={1968},
  publisher={Oxford University Press},
  note={ISBN: 978-0198231707}
}