@book{armstrong1971affecting,
  title={The Affecting Presence: An Essay in Humanistic Anthropology},
  author={Armstrong, Robert Plant},
  year={1971},
  publisher={University of Illinois Press},
  note={ISBN: 978-0252001048}
}

@book{bell1992ritual,
  title={Ritual Theory, Ritual Practice},
  author={Bell, Catherine},
  year={1992},
  publisher={Oxford University Press},
  note={ISBN: 978-0195207996}
}

@book{coote1992anthropology,
  title={Anthropology, Art, and Aesthetics},
  editor={Coote, Jeremy and Shelton, Anthony},
  year={1992},
  publisher={Clarendon Press},
  note={ISBN: 978-0198277330}
}

@book{dissanayake1992homo,
  title={Homo Aestheticus: Where Art Comes from and Why},
  author={Dissanayake, Ellen},
  year={1992},
  publisher={Free Press},
  note={ISBN: 978-0029076956}
}

@book{fabian1998art,
  title={Art and Society: Reflections on Their Interaction},
  author={Fabian, Johannes},
  year={1998},
  publisher={Museum Tusculanum Press},
  note={ISBN: 978-8772894539}
}

@book{feld1982sound,
  title={Sound and Sentiment: Birds, Weeping, Poetics, and Song in Kaluli Expression},
  author={Feld, Steven},
  year={1982},
  publisher={University of Pennsylvania Press},
  note={ISBN: 978-0812211087}
}

@book{gell1998art,
  title={Art and Agency: An Anthropological Theory},
  author={Gell, Alfred},
  year={1998},
  publisher={Clarendon Press},
  note={ISBN: 978-0198280149}
}

@book{kaeppler1985structured,
  title={Structured Movement Systems in Tonga},
  author={Kaeppler, Adrienne L.},
  year={1985},
  publisher={University of Pennsylvania Press},
  note={ISBN: 978-0812210998}
}

@book{langer1953feeling,
  title={Feeling and Form: A Theory of Art},
  author={Langer, Susanne K.},
  year={1953},
  publisher={Charles Scribner's Sons},
  note={ISBN: 978-0684711862}
}

@book{morphy1991ancestral,
  title={Ancestral Connections: Art and an Aboriginal System of Knowledge},
  author={Morphy, Howard},
  year={1991},
  publisher={University of Chicago Press},
  note={ISBN: 978-0226538664}
}

@book{price1989primitive,
  title={Primitive Art in Civilized Places},
  author={Price, Sally},
  year={1989},
  publisher={University of Chicago Press},
  note={ISBN: 978-0226680660}
}

@book{schechner1985between,
  title={Between Theater and Anthropology},
  author={Schechner, Richard},
  year={1985},
  publisher={University of Pennsylvania Press},
  note={ISBN: 978-0812212206}
}

@book{schieffelin1976sorrow,
  title={The Sorrow of the Lonely and the Burning of the Dancers},
  author={Schieffelin, Edward L.},
  year={1976},
  publisher={St. Martin's Press},
  note={ISBN: 978-0312159438}
}

@book{turner1982ritual,
  title={From Ritual to Theatre: The Human Seriousness of Play},
  author={Turner, Victor},
  year={1982},
  publisher={PAJ Publications},
  note={ISBN: 978-0933826175}
}

@book{whitehouse2004modes,
  title={Modes of Religiosity: A Cognitive Theory of Religious Transmission},
  author={Whitehouse, Harvey},
  year={2004},
  publisher={AltaMira Press},
  note={ISBN: 978-0759103607}
}