@book{bateson1972steps,
  title={Steps to an Ecology of Mind: Collected Essays in Anthropology, Psychiatry, Evolution, and Epistemology},
  author={Bateson, Gregory},
  year={1972},
  publisher={University of Chicago Press},
  note={ISBN: 9780226039053}
}

@article{nadasdy2007gift,
  title={The Gift in the Animal: The Ontology of Hunting and Human-Animal Sociality},
  author={Nadasdy, Paul},
  journal={American Ethnologist},
  volume={34},
  number={1},
  pages={25--43},
  year={2007},
  note={DOI: 10.1525/ae.2007.34.1.25}
}

@book{berkes2012sacred,
  title={Sacred Ecology: Traditional Ecological Knowledge and Resource Management},
  author={Berkes, Fikret},
  year={2012},
  publisher={Routledge},
  note={ISBN: 9780415517324}
}

@book{descola2013beyond,
  title={Beyond Nature and Culture},
  author={Descola, Philippe},
  year={2013},
  publisher={University of Chicago Press},
  note={ISBN: 9780226145006}
}

@book{haraway2016staying,
  title={Staying with the Trouble: Making Kin in the Chthulucene},
  author={Haraway, Donna},
  year={2016},
  publisher={Duke University Press},
  note={ISBN: 9780822362241}
}

@book{kohn2013forests,
  title={How Forests Think: Toward an Anthropology Beyond the Human},
  author={Kohn, Eduardo},
  year={2013},
  publisher={University of California Press},
  note={ISBN: 9780520276109}
}

@book{latour2004politics,
  title={Politics of Nature: How to Bring the Sciences into Democracy},
  author={Latour, Bruno},
  year={2004},
  publisher={Harvard University Press},
  note={ISBN: 9780674013476}
}

@book{moore2015capitalism,
  title={Capitalism in the Web of Life: Ecology and the Accumulation of Capital},
  author={Moore, Jason W.},
  year={2015},
  publisher={Verso},
  note={ISBN: 9781781689028}
}

@book{rappaport1984pigs,
  title={Pigs for the Ancestors: Ritual in the Ecology of a New Guinea People},
  author={Rappaport, Roy A.},
  year={1984},
  publisher={Yale University Press},
  note={ISBN: 9780300021905}
}

@book{steward1972theory,
  title={Theory of Culture Change: The Methodology of Multilinear Evolution},
  author={Steward, Julian H.},
  year={1972},
  publisher={University of Illinois Press},
  note={ISBN: 9780252003134}
}

@book{strathern1980no,
  title={No Nature, No Culture: The Hagen Case},
  author={Strathern, Marilyn},
  year={1980},
  publisher={Cambridge University Press},
  note={ISBN: 9780521220842}
}

@article{viveiros1998cosmological,
  title={Cosmological Deixis and Amerindian Perspectivism},
  author={Viveiros de Castro, Eduardo},
  journal={Journal of the Royal Anthropological Institute},
  volume={4},
  number={3},
  pages={469--488},
  year={1998},
  note={DOI: 10.2307/3034157}
}

@book{wolverton2012conservation,
  title={Conservation Biology and Applied Zooarchaeology},
  author={Wolverton, Steve and Lyman, R. Lee},
  year={2012},
  publisher={University of Arizona Press},
  note={ISBN: 9780816521051}
}

@book{bourdieu1990logic,
  title={The Logic of Practice},
  author={Bourdieu, Pierre},
  year={1990},
  publisher={Stanford University Press},
  note={ISBN: 9780804720113}
}

@article{bunn1999nomads,
  title={The Nomad's Apprentice: Material Culture and Embodied Knowledge in a Central Asian Craft Tradition},
  author={Bunn, Stephanie},
  journal={Journal of Material Culture},
  volume={4},
  number={1},
  pages={51--75},
  year={1999},
  note={DOI: 10.1177/135918359900400103}
}

@book{ingold2000perception,
  title={The Perception of the Environment: Essays on Livelihood, Dwelling and Skill},
  author={Ingold, Tim},
  year={2000},
  publisher={Routledge},
  address={London},
  note={ISBN: 978-0415228329}
}

@book{tsing2015mushroom,
  title={The Mushroom at the End of the World: On the Possibility of Life in Capitalist Ruins},
  author={Tsing, Anna Lowenhaupt},
  year={2015},
  publisher={Princeton University Press},
  note={ISBN: 9780691162751}
}