@book{barad2007meeting,
  title={Meeting the Universe Halfway: Quantum Physics and the Entanglement of Matter and Meaning},
  author={Barad, Karen},
  year={2007},
  publisher={Duke University Press},
  note={ISBN: 978-0822339175}
}

@book{clark2003natural,
  title={Natural-Born Cyborgs: Minds, Technologies, and the Future of Human Intelligence},
  author={Clark, Andy},
  year={2003},
  publisher={Oxford University Press},
  note={ISBN: 978-0195166590}
}

@book{delanda2011philosophy,
  title={Philosophy and Simulation: The Emergence of Synthetic Reason},
  author={DeLanda, Manuel},
  year={2011},
  publisher={Continuum},
  note={ISBN: 978-1441170286}
}

@book{haraway1991simians,
  title={Simians, Cyborgs, and Women: The Reinvention of Nature},
  author={Haraway, Donna},
  year={1991},
  publisher={Routledge},
  note={ISBN: 978-0415903875}
}

@book{hayles2012how,
  title={How We Think: Digital Media and Contemporary Technogenesis},
  author={Hayles, N. Katherine},
  year={2012},
  publisher={University of Chicago Press},
  note={ISBN: 978-0226321370}
}

@book{hui2019recursivity,
  title={Recursivity and Contingency},
  author={Hui, Yuk},
  year={2019},
  publisher={Rowman \& Littlefield},
  note={ISBN: 978-1786600545}
}

@book{ihde2009postphenomenology,
  title={Postphenomenology and Technoscience: The Peking University Lectures},
  author={Ihde, Don},
  year={2009},
  publisher={SUNY Press},
  note={ISBN: 978-1438426208}
}

@book{malafouris2013how,
  title={How Things Shape the Mind: A Theory of Material Engagement},
  author={Malafouris, Lambros},
  year={2013},
  publisher={MIT Press},
  note={ISBN: 978-0262019194}
}

@book{mindell2015our,
  title={Our Robots, Ourselves: Robotics and the Myths of Autonomy},
  author={Mindell, David A.},
  year={2015},
  publisher={Viking},
  note={ISBN: 978-0525426972}
}

@book{noble2018algorithms,
  title={Algorithms of Oppression: How Search Engines Reinforce Racism},
  author={Noble, Safiya Umoja},
  year={2018},
  publisher={NYU Press},
  note={ISBN: 978-1479837243}
}

@book{parisi2013contagious,
  title={Contagious Architecture: Computation, Aesthetics, and Space},
  author={Parisi, Luciana},
  year={2013},
  publisher={MIT Press},
  note={ISBN: 978-0262018630}
}

@book{pickering2010cybernetic,
  title={The Cybernetic Brain: Sketches of Another Future},
  author={Pickering, Andrew},
  year={2010},
  publisher={University of Chicago Press},
  note={ISBN: 978-0226667928}
}

@book{rose2007politics,
  title={The Politics of Life Itself: Biomedicine, Power, and Subjectivity in the Twenty-First Century},
  author={Rose, Nikolas},
  year={2007},
  publisher={Princeton University Press},
  note={ISBN: 978-0691121918}
}

@book{schull2014addiction,
  title={Addiction by Design: Machine Gambling in Las Vegas},
  author={Sch{\"u}ll, Natasha Dow},
  year={2014},
  publisher={Princeton University Press},
  note={ISBN: 978-0691160887}
}

@book{simondon2017mode,
  title={On the Mode of Existence of Technical Objects},
  author={Simondon, Gilbert},
  year={2017},
  publisher={Univocal Publishing},
  note={ISBN: 978-1517904021}
}

@book{stiegler2010taking,
  title={For a New Critique of Political Economy},
  author={Stiegler, Bernard},
  year={2010},
  publisher={Polity},
  note={ISBN: 978-0745648041}
}

@book{suchman2007human,
  title={Human-Machine Reconfigurations: Plans and Situated Actions},
  author={Suchman, Lucy},
  year={2007},
  publisher={Cambridge University Press},
  note={ISBN: 978-0521675886}
}

@book{turkle2011alone,
  title={Alone Together: Why We Expect More from Technology and Less from Each Other},
  author={Turkle, Sherry},
  year={2011},
  publisher={Basic Books},
  note={ISBN: 978-0465031467}
}

@book{verbeek2005what,
  title={What Things Do: Philosophical Reflections on Technology, Agency, and Design},
  author={Verbeek, Peter-Paul},
  year={2005},
  publisher={Penn State University Press},
  note={ISBN: 978-0271025407}
}

@book{zuboff2019age,
  title={The Age of Surveillance Capitalism: The Fight for a Human Future at the New Frontier of Power},
  author={Zuboff, Shoshana},
  year={2019},
  publisher={Public Affairs},
  note={ISBN: 978-1610395694}
}