@book{appadurai1996modernity,
  title={Modernity at Large: Cultural Dimensions of Globalization},
  author={Appadurai, Arjun},
  year={1996},
  publisher={University of Minnesota Press},
  note={ISBN: 978-0816627936}
}

@book{castells2010rise,
  title={The Rise of the Network Society},
  author={Castells, Manuel},
  year={2010},
  publisher={Wiley-Blackwell},
  note={ISBN: 978-1405196864}
}

@book{comaroff2009ethnicity,
  title={Ethnicity, Inc.},
  author={Comaroff, Jean and Comaroff, John L.},
  year={2009},
  publisher={University of Chicago Press},
  note={ISBN: 978-0226114736}
}

@book{czarniawska2005global,
  title={Global Ideas: How Ideas, Objects and Practices Travel in the Global Economy},
  author={Czarniawska, Barbara and Sev{\'o}n, Guje},
  year={2005},
  publisher={Liber \& Copenhagen Business School Press},
  note={ISBN: 978-8763001447}
}

@book{hannerz1996transnational,
  title={Transnational Connections: Culture, People, Places},
  author={Hannerz, Ulf},
  year={1996},
  publisher={Routledge},
  note={ISBN: 978-0415144094}
}

@book{iwabuchi2002recentering,
  title={Recentering Globalization: Popular Culture and Japanese Transnationalism},
  author={Iwabuchi, Koichi},
  year={2002},
  publisher={Duke University Press},
  note={ISBN: 978-0822328919}
}

@article{kearney1995local,
  title={The Local and the Global: The Anthropology of Globalization and Transnationalism},
  author={Kearney, Michael},
  journal={Annual Review of Anthropology},
  volume={24},
  pages={547--565},
  year={1995},
  note={DOI: 10.1146/annurev.an.24.100195.002555}
}

@book{kraidy2005hybridity,
  title={Hybridity, or the Cultural Logic of Globalization},
  author={Kraidy, Marwan M.},
  year={2005},
  publisher={Temple University Press},
  note={ISBN: 978-1592131445}
}

@book{ong1999flexible,
  title={Flexible Citizenship: The Cultural Logics of Transnationality},
  author={Ong, Aihwa},
  year={1999},
  publisher={Duke University Press},
  note={ISBN: 978-0822322696}
}

@book{robertson1992globalization,
  title={Globalization: Social Theory and Global Culture},
  author={Robertson, Roland},
  year={1992},
  publisher={SAGE Publications},
  note={ISBN: 978-0803981878}
}

@book{sassen2007sociology,
  title={A Sociology of Globalization},
  author={Sassen, Saskia},
  year={2007},
  publisher={W.W. Norton},
  note={ISBN: 978-0393927269}
}

@book{schiller1992transnational,
  title={Towards a Transnational Perspective on Migration},
  author={Schiller, Nina Glick and Basch, Linda and Blanc-Szanton, Cristina},
  year={1992},
  publisher={New York Academy of Sciences},
  note={ISBN: 978-0897667204}
}

@book{tomlinson1999globalization,
  title={Globalization and Culture},
  author={Tomlinson, John},
  year={1999},
  publisher={University of Chicago Press},
  note={ISBN: 978-0226807683}
}

@book{tsing2005friction,
  title={Friction: An Ethnography of Global Connection},
  author={Tsing, Anna Lowenhaupt},
  year={2005},
  publisher={Princeton University Press},
  note={ISBN: 978-0691120652}
}

@book{urry2000sociology,
  title={Sociology Beyond Societies: Mobilities for the Twenty-First Century},
  author={Urry, John},
  year={2000},
  publisher={Routledge},
  note={ISBN: 978-0415190893}
}

@book{vertovec2009transnationalism,
  title={Transnationalism},
  author={Vertovec, Steven},
  year={2009},
  publisher={Routledge},
  note={ISBN: 978-0415448598}
}

@book{warnier2007globalization,
  title={The Globalization of Culture},
  author={Warnier, Jean-Pierre},
  year={2007},
  publisher={Columbia University Press},
  note={ISBN: 978-0231145397}
}

@book{werbner2008anthropology,
  title={Anthropology and the New Cosmopolitanism: Rooted, Feminist and Vernacular Perspectives},
  author={Werbner, Pnina},
  year={2008},
  publisher={Berg Publishers},
  note={ISBN: 978-1845204085}
}

@incollection{wilk1995learning,
  title={Learning to Be Local in Belize: Global Systems of Common Difference},
  author={Wilk, Richard},
  booktitle={Worlds Apart: Modernity Through the Prism of the Local},
  editor={Miller, Daniel},
  pages={110--133},
  year={1995},
  publisher={Routledge},
  note={ISBN: 978-0415114738}
}

@article{wimmer2002methodological,
  title={Methodological Nationalism and Beyond: Nation-State Building, Migration and the Social Sciences},
  author={Wimmer, Andreas and Glick Schiller, Nina},
  journal={Global Networks},
  volume={2},
  number={4},
  pages={301--334},
  year={2002},
  note={DOI: 10.1111/1471-0374.00043}
}