@incollection{beaulieu2017vectors,
  title={Vectors for Fieldwork: Computational Thinking and New Modes of Ethnography},
  author={Beaulieu, Anne},
  booktitle={The Routledge Companion to Digital Ethnography},
  editor={Hjorth, Larissa and others},
  pages={29--39},
  year={2017},
  publisher={Routledge},
  note={DOI: 10.4324/9781315673974-13}
}

@book{boellstorff2012ethnography,
  title={Ethnography and Virtual Worlds: A Handbook of Method},
  author={Boellstorff, Tom and Nardi, Bonnie and Pearce, Celia and Taylor, T. L.},
  year={2012},
  publisher={Princeton University Press},
  note={ISBN: 978-0691149516}
}

@article{boyer2015digital,
  title={Digital Expertise in Online Environments: Anthropological Perspectives},
  author={Boyer, Dominic},
  journal={Anthropological Quarterly},
  volume={88},
  number={2},
  pages={289--319},
  year={2015},
  note={DOI: 10.1353/anq.2015.0021}
}

@book{dourish2011divining,
  title={Divining a Digital Future: Mess and Mythology in Ubiquitous Computing},
  author={Dourish, Paul and Bell, Genevieve},
  year={2011},
  publisher={MIT Press},
  note={ISBN: 978-0262015554}
}

@article{fortun2012ethnography,
  title={Ethnography in Late Industrialism},
  author={Fortun, Kim},
  journal={Cultural Anthropology},
  volume={27},
  number={3},
  pages={446--464},
  year={2012},
  note={DOI: 10.1111/j.1548-1360.2012.01153.x}
}

@article{garforth2012invisibilities,
  title={In/Visibilities of Research: Seeing and Knowing in STS},
  author={Garforth, Lisa},
  journal={Science, Technology \& Human Values},
  volume={37},
  number={2},
  pages={264--285},
  year={2012},
  note={DOI: 10.1177/0162243911402506}
}

@book{hine2015ethnography,
  title={Ethnography for the Internet: Embedded, Embodied and Everyday},
  author={Hine, Christine},
  year={2015},
  publisher={Bloomsbury Academic},
  note={ISBN: 978-1474269063}
}

@article{hollan2000constructivist,
  author  = {Hollan, Douglas},
  title   = {Constructivist Models of Mind, Contemporary Psychoanalysis, and the Development of Culture Theory},
  journal = {American Anthropologist},
  volume  = {102},
  number  = {3},
  pages   = {538--550},
  year    = {2000},
  publisher = {Wiley Online Library},
  note = {DOI: 10.1525/aa.2000.102.3.538}
}

@book{horst2012digital,
  title={Digital Anthropology},
  author={Horst, Heather A. and Miller, Daniel},
  year={2012},
  publisher={Berg Publishers},
  note={ISBN: 978-0857852908}
}

@article{knox2016digital,
  title={Digital Anthropology},
  author={Knox, Hannah and Walford, Antonia},
  journal={Cambridge Encyclopedia of Anthropology},
  year={2016},
  note={DOI: 10.29164/16digital}
}

@book{ladner2019mixed,
  title={Mixed Methods: A Short Guide to Applied Mixed Methods Design},
  author={Ladner, Sam},
  year={2019},
  publisher={Left Coast Press},
  note={ISBN: 978-1629582146}
}

@book{madianou2012migration,
  title={Migration and New Media: Transnational Families and Polymedia},
  author={Madianou, Mirca and Miller, Daniel},
  year={2012},
  publisher={Routledge},
  note={ISBN: 978-0415679275}
}

@incollection{marcus2012multi,
  title={Multi-sited Ethnography: Five or Six Things I Know About It Now},
  author={Marcus, George E.},
  booktitle={Multi-sited Ethnography: Problems and Possibilities in the Translocation of Research Methods},
  editor={Coleman, Simon and von Hellermann, Pauline},
  pages={16--32},
  year={2012},
  publisher={Routledge},
  note={ISBN: 978-0415580014}
}

@book{myers2015rendering,
  title={Rendering Life Molecular: Models, Modelers, and Excitable Matter},
  author={Myers, Natasha},
  year={2015},
  publisher={Duke University Press},
  note={ISBN: 978-0822358992}
}

@book{pink2016digital,
  title={Digital Ethnography: Principles and Practice},
  author={Pink, Sarah and Horst, Heather and Postill, John and Hjorth, Larissa and Lewis, Tania and Tacchi, Jo},
  year={2016},
  publisher={SAGE Publications},
  note={ISBN: 978-1473902381}
}

@book{rabinow2011accompaniment,
  title={The Accompaniment: Assembling the Contemporary},
  author={Rabinow, Paul},
  year={2011},
  publisher={University of Chicago Press},
  note={ISBN: 978-0226701530}
}

@article{roepstorff2013slow,
  title={Why Am I Not Just Lovin' Cultural Neuroscience? Toward a Slow Science of Cultural Difference},
  author={Roepstorff, Andreas},
  journal={Psychological Inquiry},
  volume={24},
  number={1},
  pages={61--63},
  year={2013},
  note={DOI: 10.1080/1047840X.2013.764819}
}

@book{strathern2004partial,
  title={Partial Connections (Updated Edition)},
  author={Strathern, Marilyn},
  year={2004},
  publisher={AltaMira Press},
  note={ISBN: 978-0759105639}
}

@incollection{suchman2016reconfiguring,
  title={Reconfiguring Sociomaterial Relations},
  author={Suchman, Lucy},
  booktitle={The Handbook of Science and Technology Studies (Fourth Edition)},
  editor={Felt, Ulrike and others},
  pages={139--168},
  year={2016},
  publisher={MIT Press},
  note={ISBN: 978-0262035682}
}

@article{taussig2013potentiality,
  title={The Anthropology of Potentiality in Biomedicine},
  author={Taussig, Karen S. and Hoeyer, Klaus and Helmreich, Stefan},
  journal={Current Anthropology},
  volume={54},
  number={S7},
  pages={S3--S14},
  year={2013},
  note={DOI: 10.1086/671401}
}

@book{west2016dispossession,
  title={Dispossession and the Environment: Rhetoric and Inequality in Papua New Guinea},
  author={West, Paige},
  year={2016},
  publisher={Columbia University Press},
  note={ISBN: 978-0231178784}
}