@book{bateson2000steps,
  title={Steps to an Ecology of Mind: Collected Essays in Anthropology, Psychiatry, Evolution, and Epistemology},
  author={Bateson, Gregory},
  year={2000},
  publisher={University of Chicago Press},
  note={ISBN: 978-0226039053}
}

@article{bessire2014ontological,
  title={Ontological Anthropology and the Deferral of Critique},
  author={Bessire, Lucas and Bond, David},
  journal={American Ethnologist},
  volume={41},
  number={3},
  pages={440--456},
  year={2014},
  note={DOI: 10.1111/amet.12083}
}

@book{descola2013beyond,
  title={Beyond Nature and Culture},
  author={Descola, Philippe},
  year={2013},
  publisher={University of Chicago Press},
  note={ISBN: 978-0226145006}
}

@book{escobar2018designs,
  title={Designs for the Pluriverse: Radical Interdependence, Autonomy, and the Making of Worlds},
  author={Escobar, Arturo},
  year={2018},
  publisher={Duke University Press},
  note={ISBN: 978-0822371052}
}

@book{fischer2018anthropology,
  title={Anthropology in the Meantime: Experimental Ethnography, Theory, and Method for the Twenty-First Century},
  author={Fischer, Michael M. J.},
  year={2018},
  publisher={Duke University Press},
  note={ISBN: 978-0822370826}
}

@article{fortun2012ethnography,
  title={Ethnography in Late Industrialism},
  author={Fortun, Kim},
  journal={Cultural Anthropology},
  volume={27},
  number={3},
  pages={446--464},
  year={2012},
  note={DOI: 10.1111/j.1548-1360.2012.01153.x}
}

@book{geertz2000available,
  title={Available Light: Anthropological Reflections on Philosophical Topics},
  author={Geertz, Clifford},
  year={2000},
  publisher={Princeton University Press},
  note={ISBN: 978-0691001693}
}

@book{haraway2016staying,
  title={Staying with the Trouble: Making Kin in the Chthulucene},
  author={Haraway, Donna},
  year={2016},
  publisher={Duke University Press},
  note={ISBN: 978-0822362241}
}

@book{ingold2018anthropology,
  title={Anthropology: Why It Matters},
  author={Ingold, Tim},
  year={2018},
  publisher={Polity Press},
  note={ISBN: 978-1509519805}
}

@book{kirby2011quantum,
  title={Quantum Anthropologies: Life at Large},
  author={Kirby, Vicki},
  year={2011},
  publisher={Duke University Press},
  note={ISBN: 978-0822350453}
}

@book{kohn2013forests,
  title={How Forests Think: Toward an Anthropology Beyond the Human},
  author={Kohn, Eduardo},
  year={2013},
  publisher={University of California Press},
  note={ISBN: 978-0520276109}
}

@book{latour2017facing,
  title={Facing Gaia: Eight Lectures on the New Climatic Regime},
  author={Latour, Bruno},
  year={2017},
  publisher={Polity Press},
  note={ISBN: 978-0745684338}
}

@book{moore2011still,
  title={Still Life: Hopes, Desires and Satisfactions},
  author={Moore, Henrietta L.},
  year={2011},
  publisher={Polity Press},
  note={ISBN: 978-0745651187}
}

@article{ortner2016dark,
  title={Dark Anthropology and its Others: Theory since the Eighties},
  author={Ortner, Sherry B.},
  journal={HAU: Journal of Ethnographic Theory},
  volume={6},
  number={1},
  pages={47--73},
  year={2016},
  note={DOI: 10.14318/hau6.1.004}
}

@book{rabinow2008marking,
  title={Marking Time: On the Anthropology of the Contemporary},
  author={Rabinow, Paul},
  year={2008},
  publisher={Princeton University Press},
  note={ISBN: 978-0691133622}
}

@book{stengers2018another,
  title={Another Science is Possible: A Manifesto for Slow Science},
  author={Stengers, Isabelle},
  year={2018},
  publisher={Polity Press},
  note={ISBN: 978-1509521815}
}

@book{strathern2004commons,
  title={Commons and Borderlands: Working Papers on Interdisciplinarity, Accountability and the Flow of Knowledge},
  author={Strathern, Marilyn},
  year={2004},
  publisher={Sean Kingston Publishing},
  note={ISBN: 978-0954381317}
}

@book{tsing2015mushroom,
  title={The Mushroom at the End of the World: On the Possibility of Life in Capitalist Ruins},
  author={Tsing, Anna Lowenhaupt},
  year={2015},
  publisher={Princeton University Press},
  note={ISBN: 978-0691162752}
}

@book{viveiros2014cannibal,
  title={Cannibal Metaphysics: For a Post-structural Anthropology},
  author={Viveiros de Castro, Eduardo},
  year={2014},
  publisher={University of Minnesota Press},
  note={ISBN: 978-1937561215}
}

@book{wagner2016invention,
  title={The Invention of Culture (Second Edition)},
  author={Wagner, Roy},
  year={2016},
  publisher={University of Chicago Press},
  note={ISBN: 978-0226423289}
}