@incollection{block2009comparing,
  author    = {Ned Block},
  title     = {Comparing the Major Theories of Consciousness},
  booktitle = {The Cognitive Neurosciences IV},
  editor    = {Michael S. Gazzaniga},
  pages     = {1111--1122},
  year      = {2009},
  publisher = {MIT Press},
  note      = {DOI: 10.7551/mitpress/8029.003.0099}
}

@book{chalmers2010character,
  author    = {David J. Chalmers},
  title     = {The Character of Consciousness},
  year      = {2010},
  publisher = {Oxford University Press},
  note      = {ISBN: 978-0-19-531111-2}
}

@book{churchland2013touching,
  author    = {Patricia S. Churchland},
  title     = {Touching a Nerve: The Self as Brain},
  year      = {2013},
  publisher = {W.W. Norton},
  note      = {ISBN: 978-0-393-06476-0}
}

@book{deacon2011incomplete,
  author    = {Terrence W. Deacon},
  title     = {Incomplete Nature: How Mind Emerged from Matter},
  year      = {2011},
  publisher = {W.W. Norton},
  note      = {ISBN: 978-0-393-04991-0}
}

@book{dennett2017bacteria,
  author    = {Daniel C. Dennett},
  title     = {From Bacteria to Bach and Back: The Evolution of Minds},
  year      = {2017},
  publisher = {W.W. Norton},
  note      = {ISBN: 978-0-393-24208-3}
}

@book{feinberg2016ancient,
  author    = {Todd E. Feinberg and Jon M. Mallatt},
  title     = {The Ancient Origins of Consciousness: How the Brain Created Experience},
  year      = {2016},
  publisher = {MIT Press},
  note      = {ISBN: 978-0-262-03423-2}
}

@book{goff2019galileo,
  author    = {Philip Goff},
  title     = {Galileo's Error: Foundations for a New Science of Consciousness},
  year      = {2019},
  publisher = {Pantheon},
  note      = {ISBN: 978-1-5247-4800-6}
}

@book{koch2019feeling,
  author    = {Christof Koch},
  title     = {The Feeling of Life Itself: Why Consciousness is Widespread but Can't Be Computed},
  year      = {2019},
  publisher = {MIT Press},
  note      = {ISBN: 978-0-262-04224-4}
}

@book{langer2009philosophy,
  author    = {Susanne K. Langer},
  title     = {Philosophy in a New Key: A Study in the Symbolism of Reason, Rite, and Art},
  year      = {2009},
  publisher = {Harvard University Press},
  note      = {ISBN: 978-0-674-66503-8}
}

@book{merleau2012phenomenology,
  author    = {Maurice Merleau-Ponty},
  title     = {Phenomenology of Perception},
  year      = {2012},
  publisher = {Routledge},
  note      = {ISBN: 978-0-415-61000-2}
}

@book{noe2009out,
  author    = {Alva No{\"e}},
  title     = {Out of Our Heads: Why You Are Not Your Brain, and Other Lessons from the Biology of Consciousness},
  year      = {2009},
  publisher = {Hill and Wang},
  note      = {ISBN: 978-0-8090-6446-7}
}

@book{penrose2016fashion,
  author    = {Roger Penrose},
  title     = {Fashion, Faith, and Fantasy in the New Physics of the Universe},
  year      = {2016},
  publisher = {Princeton University Press},
  note      = {ISBN: 978-0-691-11979-3}
}

@book{pigliucci2013philosophy,
  author    = {Massimo Pigliucci and Maarten Boudry},
  title     = {Philosophy of Pseudoscience: Reconsidering the Demarcation Problem},
  year      = {2013},
  publisher = {University of Chicago Press},
  note      = {ISBN: 978-0-226-66896-3}
}

@book{rosen2012anticipatory,
  author    = {Robert Rosen},
  title     = {Anticipatory Systems: Philosophical, Mathematical, and Methodological Foundations},
  year      = {2012},
  publisher = {Springer},
  note      = {ISBN: 978-1-4614-1269-3}
}

@book{rovelli2018order,
  author    = {Carlo Rovelli},
  title     = {The Order of Time},
  year      = {2018},
  publisher = {Riverhead Books},
  note      = {ISBN: 978-0-7352-1365-7}
}

@book{seth2021being,
  author    = {Anil K. Seth},
  title     = {Being You: A New Science of Consciousness},
  year      = {2021},
  publisher = {Dutton},
  note      = {ISBN: 978-1-5247-4706-1}
}

@book{sheets2011primacy,
  author    = {Maxine Sheets-Johnstone},
  title     = {The Primacy of Movement (Expanded Second Edition)},
  year      = {2011},
  publisher = {John Benjamins Publishing Company},
  note      = {ISBN: 978-90-272-8721-1}
}

@book{thompson2014waking,
  author    = {Evan Thompson},
  title     = {Waking, Dreaming, Being: Self and Consciousness in Neuroscience, Meditation, and Philosophy},
  year      = {2014},
  publisher = {Columbia University Press},
  note      = {ISBN: 978-0-231-16402-7}
}

@book{varela2016embodied,
  author    = {Francisco J. Varela and Evan Thompson and Eleanor Rosch},
  title     = {The Embodied Mind: Cognitive Science and Human Experience (Revised Edition)},
  year      = {2016},
  publisher = {MIT Press},
  note      = {ISBN: 978-0-262-52927-1}
}

@book{zahavi2014self,
  author    = {Dan Zahavi},
  title     = {Self and Other: Exploring Subjectivity, Empathy, and Shame},
  year      = {2014},
  publisher = {Oxford University Press},
  note      = {ISBN: 978-0-19-959068-2}
}