@book{barad2007meeting,
  title={Meeting the Universe Halfway: Quantum Physics and the Entanglement of Matter and Meaning},
  author={Barad, Karen},
  year={2007},
  publisher={Duke University Press},
  note={ISBN: 978-0-8223-3917-5}
}

@book{bateson2002mind,
  title={Mind and Nature: A Necessary Unity},
  author={Bateson, Gregory},
  year={2002},
  publisher={Hampton Press},
  note={ISBN: 978-1-57273-434-0}
}

@book{deacon2013incomplete,
  title={Incomplete Nature: How Mind Emerged from Matter},
  author={Deacon, Terrence W.},
  year={2013},
  publisher={W.W. Norton},
  note={ISBN: 978-0-393-34594-7}
}

@book{delanda2016assemblage,
  title={Assemblage Theory},
  author={DeLanda, Manuel},
  year={2016},
  publisher={Edinburgh University Press},
  note={ISBN: 978-1-4744-0626-9}
}

@book{dupre2021metaphysics,
  title={The Metaphysics of Biology},
  author={Dupr{\'e}, John},
  year={2021},
  publisher={Cambridge University Press},
  note={ISBN: 978-1-108-83595-2}
}

@book{gibson2015ecological,
  title={The Ecological Approach to Visual Perception: Classic Edition},
  author={Gibson, James J.},
  year={2015},
  publisher={Psychology Press},
  note={ISBN: 978-1-84872-578-2}
}

@book{haken2013principles,
  title={Principles of Brain Functioning: A Synergetic Approach to Brain Activity, Behavior and Cognition},
  author={Haken, Hermann},
  year={2013},
  publisher={Springer},
  note={ISBN: 978-3-642-60919-0}
}

@book{ingold2011being,
  title={Being Alive: Essays on Movement, Knowledge and Description},
  author={Ingold, Tim},
  year={2011},
  publisher={Routledge},
  note={ISBN: 978-0-415-58485-1}
}

@book{kauffman2019world,
  title={A World Beyond Physics: The Emergence and Evolution of Life},
  author={Kauffman, Stuart A.},
  year={2019},
  publisher={Oxford University Press},
  note={ISBN: 978-0-19-087133-8}
}

@book{kelso2016dynamic,
  title={Dynamic Patterns: The Self-Organization of Brain and Behavior},
  author={Kelso, J. A. Scott},
  year={2016},
  publisher={MIT Press},
  note={ISBN: 978-0-262-52947-7}
}

@book{lane2015vital,
  title={The Vital Question: Energy, Evolution, and the Origins of Complex Life},
  author={Lane, Nick},
  year={2015},
  publisher={W.W. Norton},
  note={ISBN: 978-0-393-08881-3}
}

@book{malafouris2013how,
  title={How Things Shape the Mind: A Theory of Material Engagement},
  author={Malafouris, Lambros},
  year={2013},
  publisher={MIT Press},
  note={ISBN: 978-0-262-01944-2}
}

@book{margulis2008symbiotic,
  title={Symbiotic Planet: A New Look at Evolution},
  author={Margulis, Lynn},
  year={2008},
  publisher={Basic Books},
  note={ISBN: 978-0-465-08171-1}
}

@book{oyama2000ontogeny,
  title={The Ontogeny of Information: Developmental Systems and Evolution},
  author={Oyama, Susan},
  year={2000},
  publisher={Duke University Press},
  note={ISBN: 978-0-8223-2530-7}
}

@book{prigogine2018order,
  title={Order Out of Chaos: Man's New Dialogue with Nature},
  author={Prigogine, Ilya and Stengers, Isabelle},
  year={2018},
  publisher={Verso},
  note={ISBN: 978-1-78663-100-5}
}

@book{simondon2020individuation,
  title={Individuation in Light of Notions of Form and Information},
  author={Simondon, Gilbert},
  year={2020},
  publisher={University of Minnesota Press},
  note={ISBN: 978-1-5179-0961-3}
}

@book{thompson2010mind,
  title={Mind in Life: Biology, Phenomenology, and the Sciences of Mind},
  author={Thompson, Evan},
  year={2010},
  publisher={Harvard University Press},
  note={ISBN: 978-0-674-05741-5}
}

@book{varela1999ethical,
  title={Ethical Know-How: Action, Wisdom, and Cognition},
  author={Varela, Francisco J.},
  year={1999},
  publisher={Stanford University Press},
  note={ISBN: 978-0-8047-2830-7}
}

@book{verbeek2011moralizing,
  title={Moralizing Technology: Understanding and Designing the Morality of Things},
  author={Verbeek, Peter-Paul},
  year={2011},
  publisher={University of Chicago Press},
  note={ISBN: 978-0-226-85383-8}
}

@book{wheeler2005reconstructing,
  title={Reconstructing the Cognitive World: The Next Step},
  author={Wheeler, Michael},
  year={2005},
  publisher={MIT Press},
  note={ISBN: 978-0-262-23207-0}
}

