@book{abraham2008foundations,
  title={Foundations of Mechanics},
  author={Abraham, Ralph and Marsden, Jerrold E.},
  year={2008},
  publisher={American Mathematical Society},
  note={ISBN: 978-0-8218-4438-0}
}

@book{awodey2010category,
  title={Category Theory},
  author={Awodey, Steve},
  edition={2nd},
  year={2010},
  publisher={Oxford University Press},
  note={ISBN: 978-0-19-923718-0}
}

@incollection{baez2011physics,
  title={Physics, Topology, Logic and Computation: A Rosetta Stone},
  author={Baez, John C. and Stay, Michael},
  booktitle={New Structures for Physics},
  editor={Coecke, Bob},
  pages={95--172},
  year={2011},
  publisher={Springer},
  note={DOI: 10.1007/978-3-642-12821-9\_2}
}

@book{bredon1997sheaf,
  title={Sheaf Theory},
  author={Bredon, Glen E.},
  edition={2nd},
  year={1997},
  publisher={Springer},
  note={ISBN: 978-0-387-94905-5}
}

@book{carroll2019spacetime,
  title={Spacetime and Geometry: An Introduction to General Relativity},
  author={Carroll, Sean M.},
  year={2019},
  publisher={Cambridge University Press},
  note={ISBN: 978-1-107-18242-8}
}

@book{dold1995lectures,
  title={Lectures on Algebraic Topology},
  author={Dold, Albrecht},
  year={1995},
  publisher={Springer},
  note={ISBN: 978-3-540-58660-5}
}

@book{ehresmann2007memory,
  title={Memory Evolutive Systems: Hierarchy, Emergence, Cognition},
  author={Ehresmann, Andr√©e C. and Vanbremeersch, Jean-Paul},
  year={2007},
  publisher={Elsevier},
  note={ISBN: 978-0-444-52078-2}
}

@book{eisenbud2000geometry,
  title={The Geometry of Schemes},
  author={Eisenbud, David and Harris, Joe},
  year={2000},
  publisher={Springer},
  note={ISBN: 978-0-387-98638-8}
}

@article{freed2000ramond,
  title={On Ramond-Ramond Fields and K-Theory},
  author={Freed, Daniel S. and Hopkins, Michael J.},
  journal={Journal of High Energy Physics},
  volume={2000},
  number={05},
  pages={044},
  year={2000},
  note={DOI: 10.1088/1126-6708/2000/05/044}
}

@book{gelfand1996methods,
  title={Methods of Homological Algebra},
  author={Gelfand, Sergei I. and Manin, Yuri I.},
  year={1996},
  publisher={Springer},
  note={ISBN: 978-3-540-65378-9}
}

@book{grothendieck1971elements,
  title={{\'E}l{\'e}ments de G{\'e}om{\'e}trie Alg{\'e}brique},
  author={Grothendieck, Alexander and Dieudonn{\'e}, Jean},
  year={1971},
  publisher={Springer},
  note={ISBN: 978-3-540-05113-4}
}

@book{ivancevic2007computational,
  title={Computational Mind: A Complex Dynamics Perspective},
  author={Ivancevic, Vladimir G. and Ivancevic, Tijana T.},
  year={2007},
  publisher={Springer},
  note={ISBN: 978-3-540-46438-5}
}

@book{kashiwara2006categories,
  title={Categories and Sheaves},
  author={Kashiwara, Masaki and Schapira, Pierre},
  year={2006},
  publisher={Springer},
  note={ISBN: 978-3-540-27949-1}
}

@book{maclane1992sheaves,
  title={Sheaves in Geometry and Logic: A First Introduction to Topos Theory},
  author={Mac Lane, Saunders and Moerdijk, Ieke},
  year={1992},
  publisher={Springer},
  note={ISBN: 978-0-387-97710-2}
}

@book{marsden2013introduction,
  title={Introduction to Mechanics and Symmetry},
  author={Marsden, Jerrold E. and Ratiu, Tudor S.},
  year={2013},
  publisher={Springer},
  note={ISBN: 978-0-387-21792-5}
}

@book{misner2017gravitation,
  title={Gravitation},
  author={Misner, Charles W. and Thorne, Kip S. and Wheeler, John Archibald},
  year={2017},
  publisher={Princeton University Press},
  note={ISBN: 978-0-691-17779-3}
}

@book{penrose2005road,
  title={The Road to Reality: A Complete Guide to the Laws of the Universe},
  author={Penrose, Roger},
  year={2005},
  publisher={Vintage},
  note={ISBN: 978-0-679-77631-4}
}

@book{sternberg1994group,
  title={Group Theory and Physics},
  author={Sternberg, Shlomo},
  year={1994},
  publisher={Cambridge University Press},
  note={ISBN: 978-0-521-41193-2}
}

@book{wald2010general,
  title={General Relativity},
  author={Wald, Robert M.},
  year={2010},
  publisher={University of Chicago Press},
  note={ISBN: 978-0-226-87033-5}
}

@book{wells2008differential,
  title={Differential Analysis on Complex Manifolds},
  author={Wells, Raymond O.},
  edition={3rd},
  year={2008},
  publisher={Springer},
  note={ISBN: 978-0-387-73892-5}
}