@article{achard2007efficiency,
  title={Efficiency and Cost of Economical Brain Functional Networks},
  author={Achard, Sophie and Bullmore, Edward},
  journal={PLoS Computational Biology},
  volume={3},
  number={2},
  pages={e17},
  year={2007},
  note={DOI: 10.1371/journal.pcbi.0030017}
}

@article{attwell2001energy,
  title={An Energy Budget for Signaling in the Grey Matter of the Brain},
  author={Attwell, David and Laughlin, Simon B.},
  journal={Journal of Cerebral Blood Flow \& Metabolism},
  volume={21},
  number={10},
  pages={1133--1145},
  year={2001},
  note={DOI: 10.1097/00004647-200110000-00001}
}

@book{buzsaki2006rhythms,
  title={Rhythms of the Brain},
  author={Buzs{\'a}ki, Gy{\"o}rgy},
  year={2006},
  publisher={Oxford University Press},
  note={ISBN: 978-0195301069}
}

@article{carbonell2018network,
  title={Network Analysis of Metabolic Regulation in the Human Brain},
  author={Carbonell, Francesc and Gallagher, Marian},
  journal={Journal of Neuroscience Methods},
  volume={310},
  pages={208--218},
  year={2018},
  note={DOI: 10.1016/j.jneumeth.2018.06.013}
}

@book{dayan2001theoretical,
  title={Theoretical Neuroscience: Computational and Mathematical Modeling of Neural Systems},
  author={Dayan, Peter and Abbott, L. F.},
  year={2001},
  publisher={MIT Press},
  note={ISBN: 978-0262041997}
}

@article{dinuzzo2017brain,
  title={Brain Energetics During the Sleep-Wake Cycle},
  author={DiNuzzo, Marco and Nedergaard, Maiken},
  journal={Current Opinion in Neurobiology},
  volume={47},
  pages={65--72},
  year={2017},
  note={DOI: 10.1016/j.conb.2017.09.011}
}

@article{georgiou2012biophysical,
  title={Biophysical Features of Ion Channels: A Systems Approach},
  author={Georgiou, Panayiotis S. and Drakakis, Emmanuel M.},
  journal={IEEE Transactions on Biomedical Circuits and Systems},
  volume={6},
  number={2},
  pages={165--178},
  year={2012},
  note={DOI: 10.1109/TBCAS.2012.2183591}
}

@article{harris2012synaptic,
  title={Synaptic Energy Use and Supply},
  author={Harris, J. Jonathan and Jolivet, Renaud and Attwell, David},
  journal={Neuron},
  volume={75},
  number={5},
  pages={762--777},
  year={2012},
  note={DOI: 10.1016/j.neuron.2012.08.019}
}

@article{herculano2011scaling,
  title={Scaling of Brain Metabolism with a Fixed Energy Budget per Neuron},
  author={Herculano-Houzel, Suzana},
  journal={Science},
  volume={331},
  number={6018},
  pages={749--751},
  year={2011},
  note={DOI: 10.1126/science.1199700}
}

@article{hestrin2013morphology,
  title={Morphology and Physiology of Cortical Neurons},
  author={Hestrin, Shaul and Armstrong, William E.},
  journal={Journal of Neuroscience},
  volume={33},
  number={45},
  pages={17647--17661},
  year={2013},
  note={DOI: 10.1523/JNEUROSCI.3147-13.2013}
}

@book{johnston1995foundations,
  title={Foundations of Cellular Neurophysiology},
  author={Johnston, Daniel and Wu, Samuel MS},
  year={1995},
  publisher={MIT Press},
  note={ISBN: 978-0262100532}
}

@book{kandel2012principles,
  title={Principles of Neural Science},
  author={Kandel, Eric R. and Schwartz, James H. and Jessell, Thomas M.},
  edition={5th},
  year={2012},
  publisher={McGraw-Hill},
  note={ISBN: 978-0071390118}
}

@book{keener2009mathematical,
  title={Mathematical Physiology: II: Systems Physiology},
  author={Keener, James and Sneyd, James},
  edition={2nd},
  year={2009},
  publisher={Springer},
  note={ISBN: 978-0387793887}
}

@article{magistretti2015cellular,
  title={A Cellular Perspective on Brain Energy Metabolism and Functional Imaging},
  author={Magistretti, Pierre J. and Allaman, Igor},
  journal={Neuron},
  volume={86},
  number={4},
  pages={883--901},
  year={2015},
  note={DOI: 10.1016/j.neuron.2015.03.035}
}

@book{nicholls2011neuron,
  title={From Neuron to Brain},
  author={Nicholls, John G. and Martin, A. R. and Fuchs, Paul A. and Brown, D. A. and Diamond, M. E. and Weisblat, David A.},
  edition={5th},
  year={2011},
  publisher={Sinauer Associates},
  note={ISBN: 978-0878936090}
}

@article{plenio2008dephasing,
  title={Dephasing-Assisted Transport: Quantum Networks and Biomolecules},
  author={Plenio, Martin B. and Huelga, Susana F.},
  journal={New Journal of Physics},
  volume={10},
  number={11},
  pages={113019},
  year={2008},
  note={DOI: 10.1088/1367-2630/10/11/113019}
}

@article{rabinovich2006dynamical,
  title={Dynamical Principles in Neuroscience},
  author={Rabinovich, Mikhail I. and Varona, Pablo and Selverston, Allen I. and Abarbanel, Henry DI},
  journal={Reviews of Modern Physics},
  volume={78},
  number={4},
  pages={1213},
  year={2006},
  note={DOI: 10.1103/RevModPhys.78.1213}
}

@article{scholvinck2013contribution,
  title={The Contribution of Electrophysiology to Functional Connectivity Mapping},
  author={Sch{\"o}lvinck, Martijn L. and Leopold, David A. and Brookes, Matthew J. and Khader, Patrick H.},
  journal={NeuroImage},
  volume={80},
  pages={297--306},
  year={2013},
  note={DOI: 10.1016/j.neuroimage.2013.04.010}
}

@incollection{steriade2005brain,
  title={Brain Electrical Activity and Sensory Processing during Waking and Sleep States},
  author={Steriade, Mircea},
  booktitle={Principles and Practice of Sleep Medicine},
  volume={4},
  pages={101--119},
  year={2005},
  publisher={Elsevier},
  note={ISBN: 978-1416003307}
}

@incollection{zauner2001molecular,
  title={Molecular Computing: Steps Toward Integration of Electronic and Biochemical Processing},
  author={Zauner, Klaus-Peter and Conrad, Michael},
  booktitle={Molecular Computing},
  pages={1--37},
  year={2001},
  publisher={MIT Press},
  note={ISBN: 978-0262032796}
}