@book{adams1981foundations,
  title={Foundations of Social Evolution: A Synthesis of Ethnography and Theory},
  author={Adams, William Y.},
  year={1981},
  publisher={University of New Mexico Press},
  note={ISBN: 978-0826306021}
}

@book{bateson1972steps,
  title={Steps to an Ecology of Mind: Collected Essays in Anthropology, Psychiatry, Evolution, and Epistemology},
  author={Bateson, Gregory},
  year={1972},
  publisher={University of Chicago Press},
  note={ISBN: 978-0226039053}
}

@book{bourdieu1977outline,
  title={Outline of a Theory of Practice},
  author={Bourdieu, Pierre},
  year={1977},
  publisher={Cambridge University Press},
  note={ISBN: 978-0521291644}
}

@book{churchland1986neurophilosophy,
  title={Neurophilosophy: Toward a Unified Science of the Mind-Brain},
  author={Churchland, Patricia S.},
  year={1986},
  publisher={MIT Press},
  note={ISBN: 978-0262530859}
}

@book{desjarlais1992body,
  title={Body and Emotion: The Aesthetics of Illness and Healing in the Nepal Himalayas},
  author={Desjarlais, Robert},
  year={1992},
  publisher={University of Pennsylvania Press},
  note={ISBN: 978-0812214369}
}

@book{dreyfus1972computers,
  title={What Computers Can't Do: A Critique of Artificial Reason},
  author={Dreyfus, Hubert L.},
  year={1972},
  publisher={Harper \& Row},
  note={ISBN: 978-0060110826}
}

@article{friston2010free,
  title={The Free-Energy Principle: A Unified Brain Theory?},
  author={Friston, Karl},
  journal={Nature Reviews Neuroscience},
  volume={11},
  number={2},
  pages={127--138},
  year={2010},
  note={DOI: 10.1038/nrn2787}
}

@book{hayles1999posthuman,
  title={How We Became Posthuman: Virtual Bodies in Cybernetics, Literature, and Informatics},
  author={Hayles, N. Katherine},
  year={1999},
  publisher={University of Chicago Press},
  note={ISBN: 978-0226321462}
}

@book{ingold2000perception,
  title={The Perception of the Environment: Essays on Livelihood, Dwelling and Skill},
  author={Ingold, Tim},
  year={2000},
  publisher={Routledge},
  note={ISBN: 978-0415228329}
}

@book{kauffman1993origins,
  title={The Origins of Order: Self-Organization and Selection in Evolution},
  author={Kauffman, Stuart A.},
  year={1993},
  publisher={Oxford University Press},
  note={ISBN: 978-0195079517}
}

@article{levin2019computational,
  title={The Computational Boundary of a "Self": Developmental Bioelectricity Drives Multicellularity and Scale-Free Cognition},
  author={Levin, Michael},
  journal={Frontiers in Psychology},
  volume={10},
  pages={2688},
  year={2019},
  note={DOI: 10.3389/fpsyg.2019.02688}
}

@book{levi-strauss1966savage,
  title={The Savage Mind},
  author={L{\'e}vi-Strauss, Claude},
  year={1966},
  publisher={University of Chicago Press},
  note={ISBN: 978-0226474847}
}

@article{margulis2001conscious,
  title={The Conscious Cell},
  author={Margulis, Lynn},
  journal={Annals of the New York Academy of Sciences},
  volume={929},
  number={1},
  pages={55--70},
  year={2001},
  note={DOI: 10.1111/j.1749-6632.2001.tb05710.x}
}

@article{mcfadden2002cemi,
  title={The Conscious Electromagnetic Information (CEMI) Field Theory},
  author={McFadden, John},
  journal={Journal of Consciousness Studies},
  volume={9},
  number={8},
  pages={45--60},
  year={2002},
  note={ISSN: 1355-8250}
}

@book{merleau-ponty1962phenomenology,
  title={Phenomenology of Perception},
  author={Merleau-Ponty, Maurice},
  year={1962},
  publisher={Routledge},
  note={ISBN: 978-0415834339}
}

@book{prigogine1984order,
  title={Order Out of Chaos: Man's New Dialogue with Nature},
  author={Prigogine, Ilya and Stengers, Isabelle},
  year={1984},
  publisher={Bantam Books},
  note={ISBN: 978-0553343632}
}

@book{rappaport1979ecology,
  title={Ecology, Meaning, and Religion},
  author={Rappaport, Roy A.},
  year={1979},
  publisher={North Atlantic Books},
  note={ISBN: 978-0913028963}
}

@article{searle1980minds,
  title={Minds, Brains, and Programs},
  author={Searle, John R.},
  journal={Behavioral and Brain Sciences},
  volume={3},
  number={3},
  pages={417--424},
  year={1980},
  note={DOI: 10.1017/S0140525X00005756}
}

@book{turner1967forest,
  title={The Forest of Symbols: Aspects of Ndembu Ritual},
  author={Turner, Victor},
  year={1967},
  publisher={Cornell University Press},
  note={ISBN: 978-0801491518}
}

@book{varela1991embodied,
  title={The Embodied Mind: Cognitive Science and Human Experience},
  author={Varela, Francisco J. and Thompson, Evan and Rosch, Eleanor},
  year={1991},
  publisher={MIT Press},
  note={ISBN: 978-0262720212}
}

@book{wiener1948cybernetics,
  title={Cybernetics: Or Control and Communication in the Animal and the Machine},
  author={Wiener, Norbert},
  year={1948},
  publisher={MIT Press},
  note={ISBN: 978-0262730099}
}