@book{brotherston1992book,
  title={Book of the Fourth World: Reading the Native Americas Through Their Literature},
  author={Brotherston, Gordon},
  year={1992},
  publisher={Cambridge University Press},
  note={ISBN: 978-0521307604}
}

@book{caso1958aztecs,
  title={The Aztecs: People of the Sun},
  author={Caso, Alfonso},
  year={1958},
  publisher={University of Oklahoma Press},
  note={ISBN: 978-0806108459}
}

@book{duran1971book,
  title={Book of the Gods and Rites and the Ancient Calendar},
  author={Dur{\'a}n, Diego},
  year={1971},
  publisher={University of Oklahoma Press},
  note={ISBN: 978-0806123070}
}

@book{leon-portilla1963aztec,
  title={Aztec Thought and Culture: A Study of the Ancient Nahuatl Mind},
  author={Le{\'o}n-Portilla, Miguel},
  year={1963},
  publisher={University of Oklahoma Press},
  note={ISBN: 978-0806122950}
}

@book{sahagun1950florentine,
  title={Florentine Codex: General History of the Things of New Spain},
  author={Sahag{\'u}n, Bernardino de},
  year={1950},
  publisher={University of Utah Press},
  note={ISBN: 978-1607811615}
}

@book{borges1962labyrinths,
  title={Labyrinths: Selected Stories and Other Writings},
  author={Borges, Jorge Luis},
  year={1962},
  publisher={New Directions},
  note={ISBN: 978-0811216999}
}

@inbook{borges1964library,
  title={The Library of Babel},
  author={Borges, Jorge Luis},
  booktitle={Ficciones},
  year={1964},
  publisher={Grove Press},
  note={ISBN: 978-0802130300}
}

@book{camus1955myth,
  title={The Myth of Sisyphus and Other Essays},
  author={Camus, Albert},
  year={1955},
  publisher={Vintage Books},
  note={ISBN: 978-0679733737}
}

@book{chalmers1996conscious,
  title={The Conscious Mind: In Search of a Fundamental Theory},
  author={Chalmers, David J.},
  year={1996},
  publisher={Oxford University Press},
  note={ISBN: 978-0195117899}
}

@book{dennett1991consciousness,
  title={Consciousness Explained},
  author={Dennett, Daniel C.},
  year={1991},
  publisher={Little, Brown and Company},
  note={ISBN: 978-0316180665}
}

@book{feynman1965character,
  title={The Character of Physical Law},
  author={Feynman, Richard P.},
  year={1965},
  publisher={MIT Press},
  note={ISBN: 978-0262560035}
}

@book{heisenberg1958physics,
  title={Physics and Philosophy: The Revolution in Modern Science},
  author={Heisenberg, Werner},
  year={1958},
  publisher={Harper \& Row},
  note={ISBN: 978-0061209192}
}

@book{penrose1994shadows,
  title={Shadows of the Mind: A Search for the Missing Science of Consciousness},
  author={Penrose, Roger},
  year={1994},
  publisher={Oxford University Press},
  note={ISBN: 978-0198539780}
}

@incollection{wheeler1990information,
  title={Information, Physics, Quantum: The Search for Links},
  author={Wheeler, John Archibald},
  booktitle={Complexity, Entropy, and the Physics of Information},
  editor={Zurek, Wojciech H.},
  pages={3--28},
  year={1990},
  publisher={Addison-Wesley},
  note={ISBN: 978-0201515091}
}

@book{carrasco1995quetzalcoatl,
  title={Quetzalcoatl and the Irony of Empire: Myths and Prophecies in the Aztec Tradition},
  author={Carrasco, Dav{\'i}d},
  year={1995},
  publisher={University of Chicago Press},
  note={ISBN: 978-0226094915}
}

@book{moctezuma2014vida,
  title={Vida y Muerte en el Templo Mayor},
  author={Matos Moctezuma, Eduardo},
  year={2014},
  publisher={Fondo de Cultura Econ{\'o}mica},
  note={ISBN: 978-9681673383}
}

@book{turner1969ritual,
  title={The Ritual Process: Structure and Anti-Structure},
  author={Turner, Victor},
  year={1969},
  publisher={Aldine Publishing Company},
  note={ISBN: 978-0202011905}
}

@book{gennep1960rites,
  title={The Rites of Passage},
  author={Van Gennep, Arnold},
  year={1960},
  publisher={University of Chicago Press},
  note={ISBN: 978-0226848495}
}

@book{bohm1980wholeness,
  title={Wholeness and the Implicate Order},
  author={Bohm, David},
  year={1980},
  publisher={Routledge},
  note={ISBN: 978-0415289795}
}

@book{stapp2007mindful,
  title={Mindful Universe: Quantum Mechanics and the Participating Observer},
  author={Stapp, Henry P.},
  year={2007},
  publisher={Springer},
  note={ISBN: 978-3540724153}
}

@book{vonneumann1955quantum,
  title={Mathematical Foundations of Quantum Mechanics},
  author={Von Neumann, John},
  year={1955},
  publisher={Princeton University Press},
  note={ISBN: 978-0691028934}
}