@article{Larkum2009,
  author = {Larkum, Matthew E. and Nevian, Thomas and Sandler, Maya and Polsky, Alon and Schiller, Jackie},
  title = {Synaptic Integration in Tuft Dendrites of Layer 5 Pyramidal Neurons: A New Unifying Principle},
  journal = {Science},
  year = {2009},
  volume = {325},
  number = {5941},
  pages = {756--760},
  note = {DOI: 10.1126/science.1171958}
}

@article{Larkum2013,
  author = {Larkum, Matthew},
  title = {A Cellular Mechanism for Cortical Associations: An Organizing Principle for the Cerebral Cortex},
  journal = {Trends in Neurosciences},
  year = {2013},
  volume = {36},
  number = {3},
  pages = {141--151},
  note = {DOI: 10.1016/j.tins.2012.11.006}
}

@article{Major2013,
  author = {Major, Guy and Larkum, Matthew E. and Schiller, Jackie},
  title = {Active Properties of Neocortical Pyramidal Neuron Dendrites},
  journal = {Annual Review of Neuroscience},
  year = {2013},
  volume = {36},
  pages = {1--24},
  note = {DOI: 10.1146/annurev-neuro-062111-150343}
}

@article{Phillips2018,
  author = {Phillips, William A. and Bachmann, Talis and Storm, Johan F.},
  title = {Apical Function in Neocortical Pyramidal Cells: A Common Pathway by Which General Anesthetics Can Affect Mental State},
  journal = {Frontiers in Neural Circuits},
  year = {2018},
  volume = {12},
  pages = {50},
  note = {DOI: 10.3389/fncir.2018.00050}
}

@article{Suzuki2020,
  author = {Suzuki, Mototaka and Larkum, Matthew E.},
  title = {General Anesthesia Decouples Cortical Pyramidal Neurons},
  journal = {Cell},
  year = {2020},
  volume = {180},
  number = {4},
  pages = {666--676.e13},
  note = {DOI: 10.1016/j.cell.2020.01.024}
}

@article{Shin2021,
  author = {Shin, Jiyun N. and Doron, Guy and Larkum, Matthew E.},
  title = {Memories off the top of your head},
  journal = {Science},
  year = {2021},
  volume = {374},
  number = {6567},
  pages = {538--539},
  note = {DOI: 10.1126/science.abk1859}
}

@article{Suzuki2021,
  author = {Suzuki, Mototaka and Aru, Jaan and Larkum, Matthew E.},
  title = {Double-Î¼Periscope: a tool for multi-layer optical recordings, optogenetic stimulations or both},
  journal = {eLife},
  year = {2021},
  volume = {10},
  pages = {e72894},
  note = {DOI: 10.7554/eLife.72894}
}

@article{Aru2019,
  author = {Aru, Jaan and Suzuki, Mototaka and Rutiku, Renate and Larkum, Matthew E. and Bachmann, Talis},
  title = {Coupling the State and Contents of Consciousness},
  journal = {Frontiers in Systems Neuroscience},
  year = {2019},
  volume = {13},
  pages = {43},
  note = {DOI: 10.3389/fnsys.2019.00043}
}