@article{Lamme2006,
  author    = {Victor A. F. Lamme},
  title     = {Towards a true neural stance on consciousness},
  journal   = {Trends in Cognitive Sciences},
  year      = {2006},
  volume    = {10},
  number    = {11},
  pages     = {494--501},
  note      = {DOI: 10.1016/j.tics.2006.09.001}
}

@article{Lamme2000,
  author    = {Victor A. F. Lamme and Pieter R. Roelfsema},
  title     = {The distinct modes of vision offered by feedforward and recurrent processing},
  journal   = {Trends in Neurosciences},
  year      = {2000},
  volume    = {23},
  number    = {11},
  pages     = {571--579},
  note      = {DOI: 10.1016/S0166-2236(00)01657-X}
}

@article{Fahrenfort2007,
  author    = {J. J. Fahrenfort and H. S. Scholte and V. A. F. Lamme},
  title     = {Masking disrupts reentrant processing in human visual cortex},
  journal   = {Journal of Cognitive Neuroscience},
  year      = {2007},
  volume    = {19},
  number    = {9},
  pages     = {1488--1497},
  note      = {DOI: 10.1162/jocn.2007.19.9.1488}
}

@article{Block2007,
  author    = {Ned Block},
  title     = {Consciousness, accessibility, and the mesh between psychology and neuroscience},
  journal   = {Behavioral and Brain Sciences},
  year      = {2007},
  volume    = {30},
  number    = {5-6},
  pages     = {481--548},
  note      = {DOI: 10.1017/S0140525X07002786}
}

@article{Super2001,
  author    = {Hans Supèr and H. Spekreijse and Victor A. F. Lamme},
  title     = {Two distinct modes of sensory processing observed in monkey primary visual cortex (V1)},
  journal   = {Nature Neuroscience},
  year      = {2001},
  volume    = {4},
  number    = {3},
  pages     = {304--310},
  note      = {DOI: 10.1038/85170}
}

@article{Dehaene2006,
  author    = {Stanislas Dehaene and Jean-Pierre Changeux and Lionel Naccache and Jérôme Sackur and Claire Sergent},
  title     = {Conscious, preconscious, and subliminal processing: a testable taxonomy},
  journal   = {Trends in Cognitive Sciences},
  year      = {2006},
  volume    = {10},
  number    = {5},
  pages     = {204--211},
  note      = {DOI: 10.1016/j.tics.2006.03.007}
}

@article{Koivisto2010,
  author    = {Mikko Koivisto and Antti Revonsuo},
  title     = {Event-related brain potential correlates of visual awareness: a review},
  journal   = {Consciousness and Cognition},
  year      = {2010},
  volume    = {19},
  number    = {2},
  pages     = {372--383},
  note      = {DOI: 10.1016/j.concog.2010.03.006}
}

@article{Montemayor2019,
  author    = {Carlos Montemayor and Harry H. Haladjian},
  title     = {Recurrent processing theory versus global neuronal workspace theory: a comment on 'The relationship between attention and consciousness: an expanded taxonomy and implications for "no-report" paradigms' by Pitts et al.},
  journal   = {Philosophical Transactions of the Royal Society B: Biological Sciences},
  year      = {2019},
  volume    = {374},
  number    = {1766},
  pages     = {20180388},
  note      = {DOI: 10.1098/rstb.2018.0388}
}

@article{Mehta2013,
  author    = {Neil Mehta and George A. Mashour},
  title     = {General and specific consciousness: a first-order representationalist approach},
  journal   = {Frontiers in Psychology},
  year      = {2013},
  volume    = {4},
  pages     = {407},
  note      = {DOI: 10.3389/fpsyg.2013.00407}
}