@article{Pinotsis2023Ephaptic,
  title={In vivo ephaptic coupling allows memory network formation},
  author={Pinotsis, Dimitris A. and Miller, Earl K.},
  journal={Cerebral Cortex},
  volume={33},
  number={17},
  pages={9877--9890},
  year={2023},
  publisher={Oxford University Press},
  note={DOI: 10.1093/cercor/bhac123}
}

@article{Pinotsis2023Cytoelectric,
  title={Cytoelectric coupling: Electric fields sculpt neural activity and "tune" the brain's infrastructure},
  author={Pinotsis, Dimitris A. and Fridman, Gene and Miller, Earl K.},
  journal={Progress in Neurobiology},
  volume={226},
  pages={102345},
  year={2023},
  publisher={Elsevier},
  note={DOI: 10.1016/j.pneurobio.2023.102345}
}

@article{Reimann2020Modeling,
  title={Realistic modeling of mesoscopic ephaptic coupling in the human brain},
  author={Reimann, Michael W. and Anastassiou, Costas A. and Perin, Rodrigo and Hill, Sean L. and Markram, Henry and Koch, Christof},
  journal={PLOS Computational Biology},
  volume={16},
  number={6},
  pages={e1007923},
  year={2020},
  publisher={Public Library of Science},
  note={DOI: 10.1371/journal.pcbi.1007923}
}

@article{Cunha2024Ephapticity,
  title={Can ephapticity contribute to brain complexity?},
  author={Cunha, Gabriel Moreno and Corso, Gilberto and de Sousa, Matheus Phellipe Brasil and Lima, Gustavo Zampier dos Santos},
  journal={PLOS ONE},
  volume={19},
  number={12},
  pages={e0310640},
  year={2024},
  publisher={Public Library of Science},
  note={DOI: 10.1371/journal.pone.0310640}
}

@article{Goldwyn2016Neuronal,
  title={Neuronal coupling by endogenous electric fields: Cable theory and applications to coincidence detector neurons in the auditory brainstem},
  author={Goldwyn, Joshua H. and Rinzel, John},
  journal={Journal of Neurophysiology},
  volume={115},
  number={4},
  pages={2033--2051},
  year={2016},
  publisher={American Physiological Society},
  note={DOI: 10.1152/jn.00780.2015}
}