@article{Koch2016,
  author = {Koch, Christof and Massimini, Marcello and Boly, Melanie and Tononi, Giulio},
  title = {Neural correlates of consciousness: progress and problems},
  journal = {Nature Reviews Neuroscience},
  volume = {17},
  number = {5},
  pages = {307--321},
  year = {2016},
  note = {DOI: 10.1038/nrn.2016.22}
}

@article{Tononi2015,
  author = {Tononi, Giulio and Koch, Christof},
  title = {Consciousness: here, there and everywhere?},
  journal = {Philosophical Transactions of the Royal Society B: Biological Sciences},
  volume = {370},
  number = {1668},
  pages = {20140167},
  year = {2015},
  note = {DOI: 10.1098/rstb.2014.0167}
}

@article{LeVanQuyen2002,
  author = {Le Van Quyen, Michel and Petitmengin, Claire},
  title = {Neuronal dynamics and conscious experience: An example of reciprocal causation before epileptic seizures},
  journal = {Phenomenology and the Cognitive Sciences},
  volume = {1},
  number = {2},
  pages = {169--180},
  year = {2002},
  note = {DOI: 10.1023/A:1020364003336}
}

@article{LeVanQuyen2007,
  author = {Petitmengin, Claire and Navarro, Vincent and Le Van Quyen, Michel},
  title = {Anticipating seizure: Pre-reflective experience at the center of neuro-phenomenology},
  journal = {Consciousness and Cognition},
  volume = {16},
  number = {3},
  pages = {746--764},
  year = {2007},
  note = {DOI: 10.1016/j.concog.2007.05.006}
}

@article{Bartolomei2009,
  author = {Arthuis, Marie and Valton, Luc and R{\'e}gis, Jean and Chauvel, Patrick and Wendling, Fabrice and Naccache, Lionel and Bernard, Christophe and Bartolomei, Fabrice},
  title = {Impaired consciousness during temporal lobe seizures is related to increased long-distance corticalâ€“subcortical synchronization},
  journal = {Brain},
  volume = {132},
  number = {8},
  pages = {2091--2101},
  year = {2009},
  note = {DOI: 10.1093/brain/awp086}
}